%YAML 1.1
%TAG !u! tag:unity3d.com,2011:
--- !u!29 &1
OcclusionCullingSettings:
  m_ObjectHideFlags: 0
  serializedVersion: 2
  m_OcclusionBakeSettings:
    smallestOccluder: 5
    smallestHole: 0.25
    backfaceThreshold: 100
  m_SceneGUID: 00000000000000000000000000000000
  m_OcclusionCullingData: {fileID: 0}
--- !u!104 &2
RenderSettings:
  m_ObjectHideFlags: 0
  serializedVersion: 9
  m_Fog: 0
  m_FogColor: {r: 0.5, g: 0.5, b: 0.5, a: 1}
  m_FogMode: 3
  m_FogDensity: 0.01
  m_LinearFogStart: 0
  m_LinearFogEnd: 300
  m_AmbientSkyColor: {r: 0.212, g: 0.227, b: 0.259, a: 1}
  m_AmbientEquatorColor: {r: 0.114, g: 0.125, b: 0.133, a: 1}
  m_AmbientGroundColor: {r: 0.047, g: 0.043, b: 0.035, a: 1}
  m_AmbientIntensity: 1
  m_AmbientMode: 0
  m_SubtractiveShadowColor: {r: 0.42, g: 0.478, b: 0.627, a: 1}
  m_SkyboxMaterial: {fileID: 10304, guid: 0000000000000000f000000000000000, type: 0}
  m_HaloStrength: 0.5
  m_FlareStrength: 1
  m_FlareFadeSpeed: 3
  m_HaloTexture: {fileID: 0}
  m_SpotCookie: {fileID: 10001, guid: 0000000000000000e000000000000000, type: 0}
  m_DefaultReflectionMode: 0
  m_DefaultReflectionResolution: 128
  m_ReflectionBounces: 1
  m_ReflectionIntensity: 1
  m_CustomReflection: {fileID: 0}
  m_Sun: {fileID: 0}
  m_IndirectSpecularColor: {r: 0.3731193, g: 0.38073996, b: 0.35872698, a: 1}
  m_UseRadianceAmbientProbe: 0
--- !u!157 &3
LightmapSettings:
  m_ObjectHideFlags: 0
  serializedVersion: 12
  m_GIWorkflowMode: 1
  m_GISettings:
    serializedVersion: 2
    m_BounceScale: 1
    m_IndirectOutputScale: 1
    m_AlbedoBoost: 1
    m_EnvironmentLightingMode: 0
    m_EnableBakedLightmaps: 1
    m_EnableRealtimeLightmaps: 0
  m_LightmapEditorSettings:
    serializedVersion: 12
    m_Resolution: 2
    m_BakeResolution: 40
    m_AtlasSize: 1024
    m_AO: 0
    m_AOMaxDistance: 1
    m_CompAOExponent: 1
    m_CompAOExponentDirect: 0
    m_ExtractAmbientOcclusion: 0
    m_Padding: 2
    m_LightmapParameters: {fileID: 0}
    m_LightmapsBakeMode: 1
    m_TextureCompression: 1
    m_FinalGather: 0
    m_FinalGatherFiltering: 1
    m_FinalGatherRayCount: 256
    m_ReflectionCompression: 2
    m_MixedBakeMode: 2
    m_BakeBackend: 1
    m_PVRSampling: 1
    m_PVRDirectSampleCount: 32
    m_PVRSampleCount: 512
    m_PVRBounces: 2
    m_PVREnvironmentSampleCount: 256
    m_PVREnvironmentReferencePointCount: 2048
    m_PVRFilteringMode: 1
    m_PVRDenoiserTypeDirect: 1
    m_PVRDenoiserTypeIndirect: 1
    m_PVRDenoiserTypeAO: 1
    m_PVRFilterTypeDirect: 0
    m_PVRFilterTypeIndirect: 0
    m_PVRFilterTypeAO: 0
    m_PVREnvironmentMIS: 1
    m_PVRCulling: 1
    m_PVRFilteringGaussRadiusDirect: 1
    m_PVRFilteringGaussRadiusIndirect: 5
    m_PVRFilteringGaussRadiusAO: 2
    m_PVRFilteringAtrousPositionSigmaDirect: 0.5
    m_PVRFilteringAtrousPositionSigmaIndirect: 2
    m_PVRFilteringAtrousPositionSigmaAO: 1
    m_ExportTrainingData: 0
    m_TrainingDataDestination: TrainingData
    m_LightProbeSampleCountMultiplier: 4
  m_LightingDataAsset: {fileID: 0}
  m_LightingSettings: {fileID: 0}
--- !u!196 &4
NavMeshSettings:
  serializedVersion: 2
  m_ObjectHideFlags: 0
  m_BuildSettings:
    serializedVersion: 2
    agentTypeID: 0
    agentRadius: 0.5
    agentHeight: 2
    agentSlope: 45
    agentClimb: 0.4
    ledgeDropHeight: 0
    maxJumpAcrossDistance: 0
    minRegionArea: 2
    manualCellSize: 0
    cellSize: 0.16666667
    manualTileSize: 0
    tileSize: 256
    accuratePlacement: 0
    maxJobWorkers: 0
    preserveTilesOutsideBounds: 0
    debug:
      m_Flags: 0
  m_NavMeshData: {fileID: 0}
--- !u!1 &42953893
GameObject:
  m_ObjectHideFlags: 0
  m_CorrespondingSourceObject: {fileID: 0}
  m_PrefabInstance: {fileID: 0}
  m_PrefabAsset: {fileID: 0}
  serializedVersion: 6
  m_Component:
  - component: {fileID: 42953894}
  - component: {fileID: 42953895}
  - component: {fileID: 42953896}
  - component: {fileID: 42953897}
  m_Layer: 5
  m_Name: ui-ruppies
  m_TagString: Untagged
  m_Icon: {fileID: 0}
  m_NavMeshLayer: 0
  m_StaticEditorFlags: 0
  m_IsActive: 1
--- !u!224 &42953894
RectTransform:
  m_ObjectHideFlags: 0
  m_CorrespondingSourceObject: {fileID: 0}
  m_PrefabInstance: {fileID: 0}
  m_PrefabAsset: {fileID: 0}
  m_GameObject: {fileID: 42953893}
  m_LocalRotation: {x: 0, y: 0, z: 0, w: 1}
  m_LocalPosition: {x: 0, y: 0, z: 0}
  m_LocalScale: {x: 1, y: 1, z: 1}
  m_Children:
  - {fileID: 883984697}
  - {fileID: 301098730}
  - {fileID: 1369177046}
  m_Father: {fileID: 298999440}
  m_RootOrder: 1
  m_LocalEulerAnglesHint: {x: 0, y: 0, z: 0}
  m_AnchorMin: {x: 0, y: 0}
  m_AnchorMax: {x: 0, y: 0}
  m_AnchoredPosition: {x: 0, y: 0}
  m_SizeDelta: {x: 160, y: 100}
  m_Pivot: {x: 0, y: 0}
--- !u!114 &42953895
MonoBehaviour:
  m_ObjectHideFlags: 0
  m_CorrespondingSourceObject: {fileID: 0}
  m_PrefabInstance: {fileID: 0}
  m_PrefabAsset: {fileID: 0}
  m_GameObject: {fileID: 42953893}
  m_Enabled: 1
  m_EditorHideFlags: 0
  m_Script: {fileID: 11500000, guid: 30649d3a9faa99c48a7b1166b86bf2a0, type: 3}
  m_Name: 
  m_EditorClassIdentifier: 
  m_Padding:
    m_Left: 0
    m_Right: 0
    m_Top: 0
    m_Bottom: 0
  m_ChildAlignment: 3
  m_Spacing: 4
  m_ChildForceExpandWidth: 1
  m_ChildForceExpandHeight: 0
  m_ChildControlWidth: 1
  m_ChildControlHeight: 0
  m_ChildScaleWidth: 1
  m_ChildScaleHeight: 0
  m_ReverseArrangement: 0
--- !u!114 &42953896
MonoBehaviour:
  m_ObjectHideFlags: 0
  m_CorrespondingSourceObject: {fileID: 0}
  m_PrefabInstance: {fileID: 0}
  m_PrefabAsset: {fileID: 0}
  m_GameObject: {fileID: 42953893}
  m_Enabled: 1
  m_EditorHideFlags: 0
  m_Script: {fileID: 11500000, guid: 41c4b94b36b56b149980b8e093ba1635, type: 3}
  m_Name: 
  m_EditorClassIdentifier: 
  ruppieCount: {fileID: 301098731}
--- !u!114 &42953897
MonoBehaviour:
  m_ObjectHideFlags: 0
  m_CorrespondingSourceObject: {fileID: 0}
  m_PrefabInstance: {fileID: 0}
  m_PrefabAsset: {fileID: 0}
  m_GameObject: {fileID: 42953893}
  m_Enabled: 1
  m_EditorHideFlags: 0
  m_Script: {fileID: 11500000, guid: 95733bfcf8c96304eb349afcd408bc6b, type: 3}
  m_Name: 
  m_EditorClassIdentifier: 
  eventToListen: {fileID: 11400000, guid: 904a016561f73d341898a59ff5fe9ba5, type: 2}
  onEvent:
    m_PersistentCalls:
      m_Calls:
      - m_Target: {fileID: 42953896}
        m_TargetAssemblyTypeName: RuppiePocket, Assembly-CSharp
        m_MethodName: ClearPocket
        m_Mode: 1
        m_Arguments:
          m_ObjectArgument: {fileID: 0}
          m_ObjectArgumentAssemblyTypeName: UnityEngine.Object, UnityEngine
          m_IntArgument: 0
          m_FloatArgument: 0
          m_StringArgument: 
          m_BoolArgument: 0
        m_CallState: 2
  notes: Clear carrying ruppies
  debugEvent: 0
--- !u!1 &46772489
GameObject:
  m_ObjectHideFlags: 0
  m_CorrespondingSourceObject: {fileID: 0}
  m_PrefabInstance: {fileID: 0}
  m_PrefabAsset: {fileID: 0}
  serializedVersion: 6
  m_Component:
  - component: {fileID: 46772490}
  - component: {fileID: 46772492}
  - component: {fileID: 46772491}
  m_Layer: 5
  m_Name: txt-interact
  m_TagString: Untagged
  m_Icon: {fileID: 0}
  m_NavMeshLayer: 0
  m_StaticEditorFlags: 0
  m_IsActive: 1
--- !u!224 &46772490
RectTransform:
  m_ObjectHideFlags: 0
  m_CorrespondingSourceObject: {fileID: 0}
  m_PrefabInstance: {fileID: 0}
  m_PrefabAsset: {fileID: 0}
  m_GameObject: {fileID: 46772489}
  m_LocalRotation: {x: 0, y: 0, z: 0, w: 1}
  m_LocalPosition: {x: 0, y: 0, z: 0}
  m_LocalScale: {x: 1, y: 1, z: 1}
  m_Children: []
  m_Father: {fileID: 1826840418}
  m_RootOrder: 1
  m_LocalEulerAnglesHint: {x: 0, y: 0, z: 0}
  m_AnchorMin: {x: 0, y: 0}
  m_AnchorMax: {x: 1, y: 1}
  m_AnchoredPosition: {x: 0, y: 0}
  m_SizeDelta: {x: 0, y: 0}
  m_Pivot: {x: 0.5, y: 0.5}
--- !u!114 &46772491
MonoBehaviour:
  m_ObjectHideFlags: 0
  m_CorrespondingSourceObject: {fileID: 0}
  m_PrefabInstance: {fileID: 0}
  m_PrefabAsset: {fileID: 0}
  m_GameObject: {fileID: 46772489}
  m_Enabled: 1
  m_EditorHideFlags: 0
  m_Script: {fileID: 11500000, guid: f4688fdb7df04437aeb418b961361dc5, type: 3}
  m_Name: 
  m_EditorClassIdentifier: 
  m_Material: {fileID: 0}
  m_Color: {r: 1, g: 1, b: 1, a: 1}
  m_RaycastTarget: 1
  m_RaycastPadding: {x: 0, y: 0, z: 0, w: 0}
  m_Maskable: 1
  m_OnCullStateChanged:
    m_PersistentCalls:
      m_Calls: []
  m_text: 
  m_isRightToLeft: 0
  m_fontAsset: {fileID: 11400000, guid: 8f586378b4e144a9851e7b34d9b748ee, type: 2}
  m_sharedMaterial: {fileID: 2180264, guid: 8f586378b4e144a9851e7b34d9b748ee, type: 2}
  m_fontSharedMaterials: []
  m_fontMaterial: {fileID: 0}
  m_fontMaterials: []
  m_fontColor32:
    serializedVersion: 2
    rgba: 4294967295
  m_fontColor: {r: 1, g: 1, b: 1, a: 1}
  m_enableVertexGradient: 0
  m_colorMode: 3
  m_fontColorGradient:
    topLeft: {r: 1, g: 1, b: 1, a: 1}
    topRight: {r: 1, g: 1, b: 1, a: 1}
    bottomLeft: {r: 1, g: 1, b: 1, a: 1}
    bottomRight: {r: 1, g: 1, b: 1, a: 1}
  m_fontColorGradientPreset: {fileID: 0}
  m_spriteAsset: {fileID: 0}
  m_tintAllSprites: 0
  m_StyleSheet: {fileID: 0}
  m_TextStyleHashCode: -1183493901
  m_overrideHtmlColors: 0
  m_faceColor:
    serializedVersion: 2
    rgba: 4294967295
  m_fontSize: 42
  m_fontSizeBase: 42
  m_fontWeight: 400
  m_enableAutoSizing: 0
  m_fontSizeMin: 18
  m_fontSizeMax: 72
  m_fontStyle: 1
  m_HorizontalAlignment: 2
  m_VerticalAlignment: 512
  m_textAlignment: 65535
  m_characterSpacing: 0
  m_wordSpacing: 0
  m_lineSpacing: 0
  m_lineSpacingMax: 0
  m_paragraphSpacing: 0
  m_charWidthMaxAdj: 0
  m_enableWordWrapping: 1
  m_wordWrappingRatios: 0.4
  m_overflowMode: 0
  m_linkedTextComponent: {fileID: 0}
  parentLinkedComponent: {fileID: 0}
  m_enableKerning: 1
  m_enableExtraPadding: 0
  checkPaddingRequired: 0
  m_isRichText: 1
  m_parseCtrlCharacters: 1
  m_isOrthographic: 1
  m_isCullingEnabled: 0
  m_horizontalMapping: 0
  m_verticalMapping: 0
  m_uvLineOffset: 0
  m_geometrySortingOrder: 0
  m_IsTextObjectScaleStatic: 0
  m_VertexBufferAutoSizeReduction: 0
  m_useMaxVisibleDescender: 1
  m_pageToDisplay: 1
  m_margin: {x: 0, y: -55.402664, z: 0, w: -55.26705}
  m_isUsingLegacyAnimationComponent: 0
  m_isVolumetricText: 0
  m_hasFontAssetChanged: 0
  m_baseMaterial: {fileID: 0}
  m_maskOffset: {x: 0, y: 0, z: 0, w: 0}
--- !u!222 &46772492
CanvasRenderer:
  m_ObjectHideFlags: 0
  m_CorrespondingSourceObject: {fileID: 0}
  m_PrefabInstance: {fileID: 0}
  m_PrefabAsset: {fileID: 0}
  m_GameObject: {fileID: 46772489}
  m_CullTransparentMesh: 0
--- !u!1 &59433515
GameObject:
  m_ObjectHideFlags: 0
  m_CorrespondingSourceObject: {fileID: 0}
  m_PrefabInstance: {fileID: 0}
  m_PrefabAsset: {fileID: 0}
  serializedVersion: 6
  m_Component:
  - component: {fileID: 59433519}
  - component: {fileID: 59433518}
  - component: {fileID: 59433517}
  - component: {fileID: 59433516}
  m_Layer: 5
  m_Name: Canvas
  m_TagString: Untagged
  m_Icon: {fileID: 0}
  m_NavMeshLayer: 0
  m_StaticEditorFlags: 0
  m_IsActive: 1
--- !u!114 &59433516
MonoBehaviour:
  m_ObjectHideFlags: 0
  m_CorrespondingSourceObject: {fileID: 0}
  m_PrefabInstance: {fileID: 0}
  m_PrefabAsset: {fileID: 0}
  m_GameObject: {fileID: 59433515}
  m_Enabled: 1
  m_EditorHideFlags: 0
  m_Script: {fileID: 11500000, guid: dc42784cf147c0c48a680349fa168899, type: 3}
  m_Name: 
  m_EditorClassIdentifier: 
  m_IgnoreReversedGraphics: 1
  m_BlockingObjects: 0
  m_BlockingMask:
    serializedVersion: 2
    m_Bits: 4294967295
--- !u!114 &59433517
MonoBehaviour:
  m_ObjectHideFlags: 0
  m_CorrespondingSourceObject: {fileID: 0}
  m_PrefabInstance: {fileID: 0}
  m_PrefabAsset: {fileID: 0}
  m_GameObject: {fileID: 59433515}
  m_Enabled: 1
  m_EditorHideFlags: 0
  m_Script: {fileID: 11500000, guid: 0cd44c1031e13a943bb63640046fad76, type: 3}
  m_Name: 
  m_EditorClassIdentifier: 
  m_UiScaleMode: 1
  m_ReferencePixelsPerUnit: 100
  m_ScaleFactor: 1
  m_ReferenceResolution: {x: 1920, y: 1080}
  m_ScreenMatchMode: 0
  m_MatchWidthOrHeight: 0.5
  m_PhysicalUnit: 3
  m_FallbackScreenDPI: 96
  m_DefaultSpriteDPI: 96
  m_DynamicPixelsPerUnit: 1
  m_PresetInfoIsWorld: 0
--- !u!223 &59433518
Canvas:
  m_ObjectHideFlags: 0
  m_CorrespondingSourceObject: {fileID: 0}
  m_PrefabInstance: {fileID: 0}
  m_PrefabAsset: {fileID: 0}
  m_GameObject: {fileID: 59433515}
  m_Enabled: 1
  serializedVersion: 3
  m_RenderMode: 0
  m_Camera: {fileID: 0}
  m_PlaneDistance: 100
  m_PixelPerfect: 0
  m_ReceivesEvents: 1
  m_OverrideSorting: 0
  m_OverridePixelPerfect: 0
  m_SortingBucketNormalizedSize: 0
  m_AdditionalShaderChannelsFlag: 25
  m_SortingLayerID: 0
  m_SortingOrder: 0
  m_TargetDisplay: 0
--- !u!224 &59433519
RectTransform:
  m_ObjectHideFlags: 0
  m_CorrespondingSourceObject: {fileID: 0}
  m_PrefabInstance: {fileID: 0}
  m_PrefabAsset: {fileID: 0}
  m_GameObject: {fileID: 59433515}
  m_LocalRotation: {x: 0, y: 0, z: 0, w: 1}
  m_LocalPosition: {x: 0, y: 0, z: 0}
  m_LocalScale: {x: 0, y: 0, z: 0}
  m_Children:
  - {fileID: 1372206148065985448}
  - {fileID: 622647609}
  - {fileID: 1168900999}
  - {fileID: 1723150579}
  m_Father: {fileID: 0}
  m_RootOrder: 0
  m_LocalEulerAnglesHint: {x: 0, y: 0, z: 0}
  m_AnchorMin: {x: 0, y: 0}
  m_AnchorMax: {x: 0, y: 0}
  m_AnchoredPosition: {x: 0, y: 0}
  m_SizeDelta: {x: 0, y: 0}
  m_Pivot: {x: 0, y: 0}
--- !u!1 &134674936
GameObject:
  m_ObjectHideFlags: 0
  m_CorrespondingSourceObject: {fileID: 0}
  m_PrefabInstance: {fileID: 0}
  m_PrefabAsset: {fileID: 0}
  serializedVersion: 6
  m_Component:
  - component: {fileID: 134674937}
  m_Layer: 5
  m_Name: img-interact-frame
  m_TagString: Untagged
  m_Icon: {fileID: 0}
  m_NavMeshLayer: 0
  m_StaticEditorFlags: 0
  m_IsActive: 1
--- !u!224 &134674937
RectTransform:
  m_ObjectHideFlags: 0
  m_CorrespondingSourceObject: {fileID: 0}
  m_PrefabInstance: {fileID: 0}
  m_PrefabAsset: {fileID: 0}
  m_GameObject: {fileID: 134674936}
  m_LocalRotation: {x: 0, y: 0, z: 0, w: 1}
  m_LocalPosition: {x: 0, y: 0, z: 0}
  m_LocalScale: {x: 1, y: 1, z: 1}
  m_Children: []
  m_Father: {fileID: 1826840418}
  m_RootOrder: 0
  m_LocalEulerAnglesHint: {x: 0, y: 0, z: 0}
  m_AnchorMin: {x: 0.5, y: 0.5}
  m_AnchorMax: {x: 0.5, y: 0.5}
  m_AnchoredPosition: {x: 0, y: 0}
  m_SizeDelta: {x: 100, y: 100}
  m_Pivot: {x: 0.5, y: 0.5}
--- !u!1 &177249915
GameObject:
  m_ObjectHideFlags: 0
  m_CorrespondingSourceObject: {fileID: 0}
  m_PrefabInstance: {fileID: 0}
  m_PrefabAsset: {fileID: 0}
  serializedVersion: 6
  m_Component:
  - component: {fileID: 177249916}
  - component: {fileID: 177249918}
  - component: {fileID: 177249917}
  m_Layer: 5
  m_Name: ui-endgame
  m_TagString: Untagged
  m_Icon: {fileID: 0}
  m_NavMeshLayer: 0
  m_StaticEditorFlags: 0
  m_IsActive: 1
--- !u!224 &177249916
RectTransform:
  m_ObjectHideFlags: 0
  m_CorrespondingSourceObject: {fileID: 0}
  m_PrefabInstance: {fileID: 0}
  m_PrefabAsset: {fileID: 0}
  m_GameObject: {fileID: 177249915}
  m_LocalRotation: {x: 0, y: 0, z: 0, w: 1}
  m_LocalPosition: {x: 0, y: 0, z: 0}
  m_LocalScale: {x: 1, y: 1, z: 1}
  m_Children:
  - {fileID: 1126204721}
  - {fileID: 796981570}
  - {fileID: 903044834}
  m_Father: {fileID: 1168900999}
  m_RootOrder: 1
  m_LocalEulerAnglesHint: {x: 0, y: 0, z: 0}
  m_AnchorMin: {x: 0, y: 0}
  m_AnchorMax: {x: 1, y: 1}
  m_AnchoredPosition: {x: 0, y: 0}
  m_SizeDelta: {x: 0, y: 0}
  m_Pivot: {x: 0.5, y: 0.5}
--- !u!114 &177249917
MonoBehaviour:
  m_ObjectHideFlags: 0
  m_CorrespondingSourceObject: {fileID: 0}
  m_PrefabInstance: {fileID: 0}
  m_PrefabAsset: {fileID: 0}
  m_GameObject: {fileID: 177249915}
  m_Enabled: 1
  m_EditorHideFlags: 0
  m_Script: {fileID: 11500000, guid: 41d012f2992536c4cb3a8de108732772, type: 3}
  m_Name: 
  m_EditorClassIdentifier: 
  isInteractable: 1
  autoDisable: 1
--- !u!225 &177249918
CanvasGroup:
  m_ObjectHideFlags: 0
  m_CorrespondingSourceObject: {fileID: 0}
  m_PrefabInstance: {fileID: 0}
  m_PrefabAsset: {fileID: 0}
  m_GameObject: {fileID: 177249915}
  m_Enabled: 1
  m_Alpha: 0
  m_Interactable: 0
  m_BlocksRaycasts: 0
  m_IgnoreParentGroups: 0
--- !u!1 &203976033
GameObject:
  m_ObjectHideFlags: 0
  m_CorrespondingSourceObject: {fileID: 0}
  m_PrefabInstance: {fileID: 0}
  m_PrefabAsset: {fileID: 0}
  serializedVersion: 6
  m_Component:
  - component: {fileID: 203976034}
  - component: {fileID: 203976036}
  - component: {fileID: 203976035}
  - component: {fileID: 203976037}
  m_Layer: 5
  m_Name: evt-interact
  m_TagString: Untagged
  m_Icon: {fileID: 0}
  m_NavMeshLayer: 0
  m_StaticEditorFlags: 0
  m_IsActive: 1
--- !u!224 &203976034
RectTransform:
  m_ObjectHideFlags: 0
  m_CorrespondingSourceObject: {fileID: 0}
  m_PrefabInstance: {fileID: 0}
  m_PrefabAsset: {fileID: 0}
  m_GameObject: {fileID: 203976033}
  m_LocalRotation: {x: 0, y: 0, z: 0, w: 1}
  m_LocalPosition: {x: 0, y: 0, z: 0}
  m_LocalScale: {x: 1, y: 1, z: 1}
  m_Children: []
  m_Father: {fileID: 1826840418}
  m_RootOrder: 2
  m_LocalEulerAnglesHint: {x: 0, y: 0, z: 0}
  m_AnchorMin: {x: 0.5, y: 0.5}
  m_AnchorMax: {x: 0.5, y: 0.5}
  m_AnchoredPosition: {x: 0, y: 0}
  m_SizeDelta: {x: 100, y: 100}
  m_Pivot: {x: 0.5, y: 0.5}
--- !u!114 &203976035
MonoBehaviour:
  m_ObjectHideFlags: 0
  m_CorrespondingSourceObject: {fileID: 0}
  m_PrefabInstance: {fileID: 0}
  m_PrefabAsset: {fileID: 0}
  m_GameObject: {fileID: 203976033}
  m_Enabled: 1
  m_EditorHideFlags: 0
  m_Script: {fileID: 11500000, guid: 95733bfcf8c96304eb349afcd408bc6b, type: 3}
  m_Name: 
  m_EditorClassIdentifier: 
  eventToListen: {fileID: 11400000, guid: 0c2594d48e606094693cd179b1cb2d20, type: 2}
  onEvent:
    m_PersistentCalls:
      m_Calls:
      - m_Target: {fileID: 46772491}
        m_TargetAssemblyTypeName: TMPro.TMP_Text, Unity.TextMeshPro
        m_MethodName: set_text
        m_Mode: 5
        m_Arguments:
          m_ObjectArgument: {fileID: 0}
          m_ObjectArgumentAssemblyTypeName: UnityEngine.Object, UnityEngine
          m_IntArgument: 0
          m_FloatArgument: 0
          m_StringArgument: ' '
          m_BoolArgument: 0
        m_CallState: 2
  notes: Show Can't Drag UI
  debugEvent: 0
--- !u!114 &203976036
MonoBehaviour:
  m_ObjectHideFlags: 0
  m_CorrespondingSourceObject: {fileID: 0}
  m_PrefabInstance: {fileID: 0}
  m_PrefabAsset: {fileID: 0}
  m_GameObject: {fileID: 203976033}
  m_Enabled: 1
  m_EditorHideFlags: 0
  m_Script: {fileID: 11500000, guid: 95733bfcf8c96304eb349afcd408bc6b, type: 3}
  m_Name: 
  m_EditorClassIdentifier: 
  eventToListen: {fileID: 11400000, guid: da0ab9259a59bf646a5f423511bf0c09, type: 2}
  onEvent:
    m_PersistentCalls:
      m_Calls:
      - m_Target: {fileID: 46772491}
        m_TargetAssemblyTypeName: TMPro.TMP_Text, Unity.TextMeshPro
        m_MethodName: set_text
        m_Mode: 5
        m_Arguments:
          m_ObjectArgument: {fileID: 0}
          m_ObjectArgumentAssemblyTypeName: UnityEngine.Object, UnityEngine
          m_IntArgument: 0
          m_FloatArgument: 0
          m_StringArgument: Drag
          m_BoolArgument: 0
        m_CallState: 2
  notes: Show Can Drag UI
  debugEvent: 0
--- !u!114 &203976037
MonoBehaviour:
  m_ObjectHideFlags: 0
  m_CorrespondingSourceObject: {fileID: 0}
  m_PrefabInstance: {fileID: 0}
  m_PrefabAsset: {fileID: 0}
  m_GameObject: {fileID: 203976033}
  m_Enabled: 1
  m_EditorHideFlags: 0
  m_Script: {fileID: 11500000, guid: 95733bfcf8c96304eb349afcd408bc6b, type: 3}
  m_Name: 
  m_EditorClassIdentifier: 
  eventToListen: {fileID: 11400000, guid: 10d303ebf1a42f54daffeb9826f2d398, type: 2}
  onEvent:
    m_PersistentCalls:
      m_Calls:
      - m_Target: {fileID: 46772491}
        m_TargetAssemblyTypeName: TMPro.TMP_Text, Unity.TextMeshPro
        m_MethodName: set_text
        m_Mode: 5
        m_Arguments:
          m_ObjectArgument: {fileID: 0}
          m_ObjectArgumentAssemblyTypeName: UnityEngine.Object, UnityEngine
          m_IntArgument: 0
          m_FloatArgument: 0
          m_StringArgument: ' '
          m_BoolArgument: 0
        m_CallState: 2
  notes: Show Can't Drag UI
  debugEvent: 0
--- !u!1 &298999439
GameObject:
  m_ObjectHideFlags: 0
  m_CorrespondingSourceObject: {fileID: 0}
  m_PrefabInstance: {fileID: 0}
  m_PrefabAsset: {fileID: 0}
  serializedVersion: 6
  m_Component:
  - component: {fileID: 298999440}
  m_Layer: 5
  m_Name: padding
  m_TagString: Untagged
  m_Icon: {fileID: 0}
  m_NavMeshLayer: 0
  m_StaticEditorFlags: 0
  m_IsActive: 1
--- !u!224 &298999440
RectTransform:
  m_ObjectHideFlags: 0
  m_CorrespondingSourceObject: {fileID: 0}
  m_PrefabInstance: {fileID: 0}
  m_PrefabAsset: {fileID: 0}
  m_GameObject: {fileID: 298999439}
  m_LocalRotation: {x: -0, y: -0, z: -0, w: 1}
  m_LocalPosition: {x: 0, y: 0, z: 0}
  m_LocalScale: {x: 1, y: 1, z: 1}
  m_Children:
  - {fileID: 1826840418}
  - {fileID: 42953894}
  m_Father: {fileID: 622647609}
  m_RootOrder: 0
  m_LocalEulerAnglesHint: {x: 0, y: 0, z: 0}
  m_AnchorMin: {x: 0, y: 0}
  m_AnchorMax: {x: 1, y: 1}
  m_AnchoredPosition: {x: 0, y: 0}
  m_SizeDelta: {x: -64, y: -64}
  m_Pivot: {x: 0.5, y: 0.5}
--- !u!1 &301098729
GameObject:
  m_ObjectHideFlags: 0
  m_CorrespondingSourceObject: {fileID: 0}
  m_PrefabInstance: {fileID: 0}
  m_PrefabAsset: {fileID: 0}
  serializedVersion: 6
  m_Component:
  - component: {fileID: 301098730}
  - component: {fileID: 301098732}
  - component: {fileID: 301098731}
  m_Layer: 5
  m_Name: txt-interact
  m_TagString: Untagged
  m_Icon: {fileID: 0}
  m_NavMeshLayer: 0
  m_StaticEditorFlags: 0
  m_IsActive: 1
--- !u!224 &301098730
RectTransform:
  m_ObjectHideFlags: 0
  m_CorrespondingSourceObject: {fileID: 0}
  m_PrefabInstance: {fileID: 0}
  m_PrefabAsset: {fileID: 0}
  m_GameObject: {fileID: 301098729}
  m_LocalRotation: {x: -0, y: -0, z: -0, w: 1}
  m_LocalPosition: {x: 0, y: 0, z: 0}
  m_LocalScale: {x: 1, y: 1, z: 1}
  m_Children: []
  m_Father: {fileID: 42953894}
  m_RootOrder: 1
  m_LocalEulerAnglesHint: {x: 0, y: 0, z: 0}
  m_AnchorMin: {x: 0, y: 0}
  m_AnchorMax: {x: 0, y: 0}
  m_AnchoredPosition: {x: 0, y: 0}
  m_SizeDelta: {x: 0, y: 0}
  m_Pivot: {x: 1, y: 0.5}
--- !u!114 &301098731
MonoBehaviour:
  m_ObjectHideFlags: 0
  m_CorrespondingSourceObject: {fileID: 0}
  m_PrefabInstance: {fileID: 0}
  m_PrefabAsset: {fileID: 0}
  m_GameObject: {fileID: 301098729}
  m_Enabled: 1
  m_EditorHideFlags: 0
  m_Script: {fileID: 11500000, guid: f4688fdb7df04437aeb418b961361dc5, type: 3}
  m_Name: 
  m_EditorClassIdentifier: 
  m_Material: {fileID: 0}
  m_Color: {r: 1, g: 1, b: 1, a: 1}
  m_RaycastTarget: 1
  m_RaycastPadding: {x: 0, y: 0, z: 0, w: 0}
  m_Maskable: 1
  m_OnCullStateChanged:
    m_PersistentCalls:
      m_Calls: []
  m_text: x00
  m_isRightToLeft: 0
  m_fontAsset: {fileID: 11400000, guid: 8f586378b4e144a9851e7b34d9b748ee, type: 2}
  m_sharedMaterial: {fileID: 2180264, guid: 8f586378b4e144a9851e7b34d9b748ee, type: 2}
  m_fontSharedMaterials: []
  m_fontMaterial: {fileID: 0}
  m_fontMaterials: []
  m_fontColor32:
    serializedVersion: 2
    rgba: 4294967295
  m_fontColor: {r: 1, g: 1, b: 1, a: 1}
  m_enableVertexGradient: 0
  m_colorMode: 3
  m_fontColorGradient:
    topLeft: {r: 1, g: 1, b: 1, a: 1}
    topRight: {r: 1, g: 1, b: 1, a: 1}
    bottomLeft: {r: 1, g: 1, b: 1, a: 1}
    bottomRight: {r: 1, g: 1, b: 1, a: 1}
  m_fontColorGradientPreset: {fileID: 0}
  m_spriteAsset: {fileID: 0}
  m_tintAllSprites: 0
  m_StyleSheet: {fileID: 0}
  m_TextStyleHashCode: -1183493901
  m_overrideHtmlColors: 0
  m_faceColor:
    serializedVersion: 2
    rgba: 4294967295
  m_fontSize: 64
  m_fontSizeBase: 64
  m_fontWeight: 400
  m_enableAutoSizing: 0
  m_fontSizeMin: 18
  m_fontSizeMax: 72
  m_fontStyle: 1
  m_HorizontalAlignment: 2
  m_VerticalAlignment: 1024
  m_textAlignment: 65535
  m_characterSpacing: 0
  m_wordSpacing: 0
  m_lineSpacing: 0
  m_lineSpacingMax: 0
  m_paragraphSpacing: 0
  m_charWidthMaxAdj: 0
  m_enableWordWrapping: 1
  m_wordWrappingRatios: 0.4
  m_overflowMode: 0
  m_linkedTextComponent: {fileID: 0}
  parentLinkedComponent: {fileID: 0}
  m_enableKerning: 1
  m_enableExtraPadding: 0
  checkPaddingRequired: 0
  m_isRichText: 1
  m_parseCtrlCharacters: 1
  m_isOrthographic: 1
  m_isCullingEnabled: 0
  m_horizontalMapping: 0
  m_verticalMapping: 0
  m_uvLineOffset: 0
  m_geometrySortingOrder: 0
  m_IsTextObjectScaleStatic: 0
  m_VertexBufferAutoSizeReduction: 0
  m_useMaxVisibleDescender: 1
  m_pageToDisplay: 1
  m_margin: {x: 0, y: -55.402664, z: 0, w: -55.26705}
  m_isUsingLegacyAnimationComponent: 0
  m_isVolumetricText: 0
  m_hasFontAssetChanged: 0
  m_baseMaterial: {fileID: 0}
  m_maskOffset: {x: 0, y: 0, z: 0, w: 0}
--- !u!222 &301098732
CanvasRenderer:
  m_ObjectHideFlags: 0
  m_CorrespondingSourceObject: {fileID: 0}
  m_PrefabInstance: {fileID: 0}
  m_PrefabAsset: {fileID: 0}
  m_GameObject: {fileID: 301098729}
  m_CullTransparentMesh: 0
--- !u!1 &622647608
GameObject:
  m_ObjectHideFlags: 0
  m_CorrespondingSourceObject: {fileID: 0}
  m_PrefabInstance: {fileID: 0}
  m_PrefabAsset: {fileID: 0}
  serializedVersion: 6
  m_Component:
  - component: {fileID: 622647609}
  m_Layer: 5
  m_Name: HUD
  m_TagString: Untagged
  m_Icon: {fileID: 0}
  m_NavMeshLayer: 0
  m_StaticEditorFlags: 0
  m_IsActive: 1
--- !u!224 &622647609
RectTransform:
  m_ObjectHideFlags: 0
  m_CorrespondingSourceObject: {fileID: 0}
  m_PrefabInstance: {fileID: 0}
  m_PrefabAsset: {fileID: 0}
  m_GameObject: {fileID: 622647608}
  m_LocalRotation: {x: 0, y: 0, z: 0, w: 1}
  m_LocalPosition: {x: 0, y: 0, z: 0}
  m_LocalScale: {x: 1, y: 1, z: 1}
  m_Children:
  - {fileID: 298999440}
  m_Father: {fileID: 59433519}
  m_RootOrder: 1
  m_LocalEulerAnglesHint: {x: 0, y: 0, z: 0}
  m_AnchorMin: {x: 0, y: 0}
  m_AnchorMax: {x: 1, y: 1}
  m_AnchoredPosition: {x: 0, y: 0}
  m_SizeDelta: {x: 0, y: 0}
  m_Pivot: {x: 0.5, y: 0.5}
--- !u!1 &638060086
GameObject:
  m_ObjectHideFlags: 0
  m_CorrespondingSourceObject: {fileID: 0}
  m_PrefabInstance: {fileID: 0}
  m_PrefabAsset: {fileID: 0}
  serializedVersion: 6
  m_Component:
  - component: {fileID: 638060089}
  - component: {fileID: 638060088}
  - component: {fileID: 638060087}
  m_Layer: 0
  m_Name: EventSystem
  m_TagString: Untagged
  m_Icon: {fileID: 0}
  m_NavMeshLayer: 0
  m_StaticEditorFlags: 0
  m_IsActive: 1
--- !u!114 &638060087
MonoBehaviour:
  m_ObjectHideFlags: 0
  m_CorrespondingSourceObject: {fileID: 0}
  m_PrefabInstance: {fileID: 0}
  m_PrefabAsset: {fileID: 0}
  m_GameObject: {fileID: 638060086}
  m_Enabled: 1
  m_EditorHideFlags: 0
  m_Script: {fileID: 11500000, guid: 4f231c4fb786f3946a6b90b886c48677, type: 3}
  m_Name: 
  m_EditorClassIdentifier: 
  m_HorizontalAxis: Horizontal
  m_VerticalAxis: Vertical
  m_SubmitButton: Submit
  m_CancelButton: Cancel
  m_InputActionsPerSecond: 10
  m_RepeatDelay: 0.5
  m_ForceModuleActive: 0
--- !u!114 &638060088
MonoBehaviour:
  m_ObjectHideFlags: 0
  m_CorrespondingSourceObject: {fileID: 0}
  m_PrefabInstance: {fileID: 0}
  m_PrefabAsset: {fileID: 0}
  m_GameObject: {fileID: 638060086}
  m_Enabled: 1
  m_EditorHideFlags: 0
  m_Script: {fileID: 11500000, guid: 76c392e42b5098c458856cdf6ecaaaa1, type: 3}
  m_Name: 
  m_EditorClassIdentifier: 
  m_FirstSelected: {fileID: 0}
  m_sendNavigationEvents: 1
  m_DragThreshold: 10
--- !u!4 &638060089
Transform:
  m_ObjectHideFlags: 0
  m_CorrespondingSourceObject: {fileID: 0}
  m_PrefabInstance: {fileID: 0}
  m_PrefabAsset: {fileID: 0}
  m_GameObject: {fileID: 638060086}
  m_LocalRotation: {x: 0, y: 0, z: 0, w: 1}
  m_LocalPosition: {x: 0, y: 0, z: 0}
  m_LocalScale: {x: 1, y: 1, z: 1}
  m_Children: []
  m_Father: {fileID: 0}
  m_RootOrder: 1
  m_LocalEulerAnglesHint: {x: 0, y: 0, z: 0}
--- !u!1 &796981569
GameObject:
  m_ObjectHideFlags: 0
  m_CorrespondingSourceObject: {fileID: 0}
  m_PrefabInstance: {fileID: 0}
  m_PrefabAsset: {fileID: 0}
  serializedVersion: 6
  m_Component:
  - component: {fileID: 796981570}
  - component: {fileID: 796981572}
  - component: {fileID: 796981571}
  m_Layer: 5
  m_Name: envt-endgame-listener
  m_TagString: Untagged
  m_Icon: {fileID: 0}
  m_NavMeshLayer: 0
  m_StaticEditorFlags: 0
  m_IsActive: 1
--- !u!224 &796981570
RectTransform:
  m_ObjectHideFlags: 0
  m_CorrespondingSourceObject: {fileID: 0}
  m_PrefabInstance: {fileID: 0}
  m_PrefabAsset: {fileID: 0}
  m_GameObject: {fileID: 796981569}
  m_LocalRotation: {x: -0, y: -0, z: -0, w: 1}
  m_LocalPosition: {x: 0, y: 0, z: 0}
  m_LocalScale: {x: 1, y: 1, z: 1}
  m_Children: []
  m_Father: {fileID: 177249916}
  m_RootOrder: 1
  m_LocalEulerAnglesHint: {x: 0, y: 0, z: 0}
  m_AnchorMin: {x: 0.5, y: 0.5}
  m_AnchorMax: {x: 0.5, y: 0.5}
  m_AnchoredPosition: {x: 0, y: 0}
  m_SizeDelta: {x: 100, y: 100}
  m_Pivot: {x: 0.5, y: 0.5}
--- !u!114 &796981571
MonoBehaviour:
  m_ObjectHideFlags: 0
  m_CorrespondingSourceObject: {fileID: 0}
  m_PrefabInstance: {fileID: 0}
  m_PrefabAsset: {fileID: 0}
  m_GameObject: {fileID: 796981569}
  m_Enabled: 1
  m_EditorHideFlags: 0
  m_Script: {fileID: 11500000, guid: 95733bfcf8c96304eb349afcd408bc6b, type: 3}
  m_Name: 
  m_EditorClassIdentifier: 
  eventToListen: {fileID: 11400000, guid: 10d303ebf1a42f54daffeb9826f2d398, type: 2}
  onEvent:
    m_PersistentCalls:
      m_Calls:
      - m_Target: {fileID: 177249917}
        m_TargetAssemblyTypeName: UIPanel, Assembly-CSharp
        m_MethodName: ShowPanel
        m_Mode: 6
        m_Arguments:
          m_ObjectArgument: {fileID: 0}
          m_ObjectArgumentAssemblyTypeName: UnityEngine.Object, UnityEngine
          m_IntArgument: 0
          m_FloatArgument: 0
          m_StringArgument: 
          m_BoolArgument: 0
        m_CallState: 2
  notes: Hide end game screen on game begin
  debugEvent: 0
--- !u!114 &796981572
MonoBehaviour:
  m_ObjectHideFlags: 0
  m_CorrespondingSourceObject: {fileID: 0}
  m_PrefabInstance: {fileID: 0}
  m_PrefabAsset: {fileID: 0}
  m_GameObject: {fileID: 796981569}
  m_Enabled: 1
  m_EditorHideFlags: 0
  m_Script: {fileID: 11500000, guid: 95733bfcf8c96304eb349afcd408bc6b, type: 3}
  m_Name: 
  m_EditorClassIdentifier: 
  eventToListen: {fileID: 11400000, guid: 246646ce16eb61c498a72962b949dd2f, type: 2}
  onEvent:
    m_PersistentCalls:
      m_Calls:
      - m_Target: {fileID: 177249917}
        m_TargetAssemblyTypeName: UIPanel, Assembly-CSharp
        m_MethodName: ShowPanel
        m_Mode: 6
        m_Arguments:
          m_ObjectArgument: {fileID: 0}
          m_ObjectArgumentAssemblyTypeName: UnityEngine.Object, UnityEngine
          m_IntArgument: 0
          m_FloatArgument: 0
          m_StringArgument: 
          m_BoolArgument: 1
        m_CallState: 2
  notes: Show end game screen on game over
  debugEvent: 0
--- !u!1 &813924610
GameObject:
  m_ObjectHideFlags: 0
  m_CorrespondingSourceObject: {fileID: 0}
  m_PrefabInstance: {fileID: 0}
  m_PrefabAsset: {fileID: 0}
  serializedVersion: 6
  m_Component:
  - component: {fileID: 813924611}
  - component: {fileID: 813924613}
  - component: {fileID: 813924612}
  m_Layer: 5
  m_Name: focusDw
  m_TagString: Untagged
  m_Icon: {fileID: 0}
  m_NavMeshLayer: 0
  m_StaticEditorFlags: 0
  m_IsActive: 1
--- !u!224 &813924611
RectTransform:
  m_ObjectHideFlags: 0
  m_CorrespondingSourceObject: {fileID: 0}
  m_PrefabInstance: {fileID: 0}
  m_PrefabAsset: {fileID: 0}
  m_GameObject: {fileID: 813924610}
  m_LocalRotation: {x: 0, y: 0, z: 0, w: 1}
  m_LocalPosition: {x: 0, y: 0, z: 0}
  m_LocalScale: {x: 1, y: 1, z: 1}
  m_Children: []
  m_Father: {fileID: 1372206148065985448}
  m_RootOrder: 1
  m_LocalEulerAnglesHint: {x: 0, y: 0, z: 0}
  m_AnchorMin: {x: 0, y: 0}
  m_AnchorMax: {x: 1, y: 0}
  m_AnchoredPosition: {x: 0, y: 0}
  m_SizeDelta: {x: 0, y: 112}
  m_Pivot: {x: 0.5, y: 0}
--- !u!114 &813924612
MonoBehaviour:
  m_ObjectHideFlags: 0
  m_CorrespondingSourceObject: {fileID: 0}
  m_PrefabInstance: {fileID: 0}
  m_PrefabAsset: {fileID: 0}
  m_GameObject: {fileID: 813924610}
  m_Enabled: 1
  m_EditorHideFlags: 0
  m_Script: {fileID: 11500000, guid: fe87c0e1cc204ed48ad3b37840f39efc, type: 3}
  m_Name: 
  m_EditorClassIdentifier: 
  m_Material: {fileID: 0}
  m_Color: {r: 0, g: 0, b: 0, a: 1}
  m_RaycastTarget: 1
  m_RaycastPadding: {x: 0, y: 0, z: 0, w: 0}
  m_Maskable: 1
  m_OnCullStateChanged:
    m_PersistentCalls:
      m_Calls: []
  m_Sprite: {fileID: 0}
  m_Type: 0
  m_PreserveAspect: 0
  m_FillCenter: 1
  m_FillMethod: 4
  m_FillAmount: 1
  m_FillClockwise: 1
  m_FillOrigin: 0
  m_UseSpriteMesh: 0
  m_PixelsPerUnitMultiplier: 1
--- !u!222 &813924613
CanvasRenderer:
  m_ObjectHideFlags: 0
  m_CorrespondingSourceObject: {fileID: 0}
  m_PrefabInstance: {fileID: 0}
  m_PrefabAsset: {fileID: 0}
  m_GameObject: {fileID: 813924610}
  m_CullTransparentMesh: 1
--- !u!1 &883984696
GameObject:
  m_ObjectHideFlags: 0
  m_CorrespondingSourceObject: {fileID: 0}
  m_PrefabInstance: {fileID: 0}
  m_PrefabAsset: {fileID: 0}
  serializedVersion: 6
  m_Component:
  - component: {fileID: 883984697}
  - component: {fileID: 883984699}
  - component: {fileID: 883984698}
  m_Layer: 5
  m_Name: img-ruppies-icon
  m_TagString: Untagged
  m_Icon: {fileID: 0}
  m_NavMeshLayer: 0
  m_StaticEditorFlags: 0
  m_IsActive: 1
--- !u!224 &883984697
RectTransform:
  m_ObjectHideFlags: 0
  m_CorrespondingSourceObject: {fileID: 0}
  m_PrefabInstance: {fileID: 0}
  m_PrefabAsset: {fileID: 0}
  m_GameObject: {fileID: 883984696}
  m_LocalRotation: {x: 0, y: 0, z: 0, w: 1}
  m_LocalPosition: {x: 0, y: 0, z: 0}
  m_LocalScale: {x: 1, y: 1, z: 1}
  m_Children: []
  m_Father: {fileID: 42953894}
  m_RootOrder: 0
  m_LocalEulerAnglesHint: {x: 0, y: 0, z: 0}
  m_AnchorMin: {x: 0, y: 0}
  m_AnchorMax: {x: 0, y: 0}
  m_AnchoredPosition: {x: 0, y: 0}
  m_SizeDelta: {x: 0, y: 100}
  m_Pivot: {x: 0.5, y: 0.5}
--- !u!114 &883984698
MonoBehaviour:
  m_ObjectHideFlags: 0
  m_CorrespondingSourceObject: {fileID: 0}
  m_PrefabInstance: {fileID: 0}
  m_PrefabAsset: {fileID: 0}
  m_GameObject: {fileID: 883984696}
  m_Enabled: 1
  m_EditorHideFlags: 0
  m_Script: {fileID: 11500000, guid: fe87c0e1cc204ed48ad3b37840f39efc, type: 3}
  m_Name: 
  m_EditorClassIdentifier: 
  m_Material: {fileID: 0}
  m_Color: {r: 1, g: 1, b: 1, a: 1}
  m_RaycastTarget: 1
  m_RaycastPadding: {x: 0, y: 0, z: 0, w: 0}
  m_Maskable: 1
  m_OnCullStateChanged:
    m_PersistentCalls:
      m_Calls: []
  m_Sprite: {fileID: 10913, guid: 0000000000000000f000000000000000, type: 0}
  m_Type: 0
  m_PreserveAspect: 0
  m_FillCenter: 1
  m_FillMethod: 4
  m_FillAmount: 1
  m_FillClockwise: 1
  m_FillOrigin: 0
  m_UseSpriteMesh: 0
  m_PixelsPerUnitMultiplier: 1
--- !u!222 &883984699
CanvasRenderer:
  m_ObjectHideFlags: 0
  m_CorrespondingSourceObject: {fileID: 0}
  m_PrefabInstance: {fileID: 0}
  m_PrefabAsset: {fileID: 0}
  m_GameObject: {fileID: 883984696}
  m_CullTransparentMesh: 1
--- !u!1001 &903044833
PrefabInstance:
  m_ObjectHideFlags: 0
  serializedVersion: 2
  m_Modification:
    m_TransformParent: {fileID: 177249916}
    m_Modifications:
    - target: {fileID: 94542576803480268, guid: 8c49bd69a86fa5949b26f3374e5af36d,
        type: 3}
      propertyPath: notes
      value: Hide end game screen on game begin
      objectReference: {fileID: 0}
    - target: {fileID: 94542576803480268, guid: 8c49bd69a86fa5949b26f3374e5af36d,
        type: 3}
      propertyPath: onEvent.m_PersistentCalls.m_Calls.Array.data[0].m_Target
      value: 
      objectReference: {fileID: 177249917}
    - target: {fileID: 94542576803480268, guid: 8c49bd69a86fa5949b26f3374e5af36d,
        type: 3}
      propertyPath: onEvent.m_PersistentCalls.m_Calls.Array.data[0].m_MethodName
      value: ShowPanel
      objectReference: {fileID: 0}
    - target: {fileID: 634863473276365179, guid: 8c49bd69a86fa5949b26f3374e5af36d,
        type: 3}
      propertyPath: m_OnClick.m_PersistentCalls.m_Calls.Array.data[0].m_Target
      value: 
      objectReference: {fileID: 3081990394356199401}
    - target: {fileID: 634863473276365179, guid: 8c49bd69a86fa5949b26f3374e5af36d,
        type: 3}
      propertyPath: m_OnClick.m_PersistentCalls.m_Calls.Array.data[0].m_MethodName
      value: ExitGame
      objectReference: {fileID: 0}
    - target: {fileID: 1281741278786921614, guid: 8c49bd69a86fa5949b26f3374e5af36d,
        type: 3}
      propertyPath: m_Alpha
      value: 0
      objectReference: {fileID: 0}
    - target: {fileID: 1281741278786921614, guid: 8c49bd69a86fa5949b26f3374e5af36d,
        type: 3}
      propertyPath: m_Interactable
      value: 0
      objectReference: {fileID: 0}
    - target: {fileID: 1281741278786921614, guid: 8c49bd69a86fa5949b26f3374e5af36d,
        type: 3}
      propertyPath: m_BlocksRaycasts
      value: 0
      objectReference: {fileID: 0}
    - target: {fileID: 2235823827499951013, guid: 8c49bd69a86fa5949b26f3374e5af36d,
        type: 3}
      propertyPath: m_AnchorMax.y
      value: 0
      objectReference: {fileID: 0}
    - target: {fileID: 2235823827499951013, guid: 8c49bd69a86fa5949b26f3374e5af36d,
        type: 3}
      propertyPath: m_AnchorMin.y
      value: 0
      objectReference: {fileID: 0}
    - target: {fileID: 2235823827499951013, guid: 8c49bd69a86fa5949b26f3374e5af36d,
        type: 3}
      propertyPath: m_SizeDelta.x
      value: 0
      objectReference: {fileID: 0}
    - target: {fileID: 2235823827499951013, guid: 8c49bd69a86fa5949b26f3374e5af36d,
        type: 3}
      propertyPath: m_SizeDelta.y
      value: 0
      objectReference: {fileID: 0}
    - target: {fileID: 2235823827499951013, guid: 8c49bd69a86fa5949b26f3374e5af36d,
        type: 3}
      propertyPath: m_AnchoredPosition.x
      value: 0
      objectReference: {fileID: 0}
    - target: {fileID: 2235823827499951013, guid: 8c49bd69a86fa5949b26f3374e5af36d,
        type: 3}
      propertyPath: m_AnchoredPosition.y
      value: 0
      objectReference: {fileID: 0}
    - target: {fileID: 2777270245716971195, guid: 8c49bd69a86fa5949b26f3374e5af36d,
        type: 3}
      propertyPath: m_Alpha
      value: 0
      objectReference: {fileID: 0}
    - target: {fileID: 2777270245716971195, guid: 8c49bd69a86fa5949b26f3374e5af36d,
        type: 3}
      propertyPath: m_Interactable
      value: 0
      objectReference: {fileID: 0}
    - target: {fileID: 2777270245716971195, guid: 8c49bd69a86fa5949b26f3374e5af36d,
        type: 3}
      propertyPath: m_BlocksRaycasts
      value: 0
      objectReference: {fileID: 0}
    - target: {fileID: 3081990393489515189, guid: 8c49bd69a86fa5949b26f3374e5af36d,
        type: 3}
      propertyPath: m_AnchorMax.y
      value: 0
      objectReference: {fileID: 0}
    - target: {fileID: 3081990393489515189, guid: 8c49bd69a86fa5949b26f3374e5af36d,
        type: 3}
      propertyPath: m_AnchorMin.y
      value: 0
      objectReference: {fileID: 0}
    - target: {fileID: 3081990393489515189, guid: 8c49bd69a86fa5949b26f3374e5af36d,
        type: 3}
      propertyPath: m_SizeDelta.x
      value: 0
      objectReference: {fileID: 0}
    - target: {fileID: 3081990393489515189, guid: 8c49bd69a86fa5949b26f3374e5af36d,
        type: 3}
      propertyPath: m_SizeDelta.y
      value: 0
      objectReference: {fileID: 0}
    - target: {fileID: 3081990393489515189, guid: 8c49bd69a86fa5949b26f3374e5af36d,
        type: 3}
      propertyPath: m_AnchoredPosition.x
      value: 0
      objectReference: {fileID: 0}
    - target: {fileID: 3081990393489515189, guid: 8c49bd69a86fa5949b26f3374e5af36d,
        type: 3}
      propertyPath: m_AnchoredPosition.y
      value: 0
      objectReference: {fileID: 0}
    - target: {fileID: 3081990393774430143, guid: 8c49bd69a86fa5949b26f3374e5af36d,
        type: 3}
      propertyPath: m_Enabled
      value: 0
      objectReference: {fileID: 0}
    - target: {fileID: 3081990393914328529, guid: 8c49bd69a86fa5949b26f3374e5af36d,
        type: 3}
      propertyPath: m_AnchorMax.y
      value: 0
      objectReference: {fileID: 0}
    - target: {fileID: 3081990393914328529, guid: 8c49bd69a86fa5949b26f3374e5af36d,
        type: 3}
      propertyPath: m_AnchorMin.y
      value: 0
      objectReference: {fileID: 0}
    - target: {fileID: 3081990393914328529, guid: 8c49bd69a86fa5949b26f3374e5af36d,
        type: 3}
      propertyPath: m_SizeDelta.x
      value: 0
      objectReference: {fileID: 0}
    - target: {fileID: 3081990393914328529, guid: 8c49bd69a86fa5949b26f3374e5af36d,
        type: 3}
      propertyPath: m_AnchoredPosition.x
      value: 0
      objectReference: {fileID: 0}
    - target: {fileID: 3081990393914328529, guid: 8c49bd69a86fa5949b26f3374e5af36d,
        type: 3}
      propertyPath: m_AnchoredPosition.y
      value: 0
      objectReference: {fileID: 0}
    - target: {fileID: 3081990394123482596, guid: 8c49bd69a86fa5949b26f3374e5af36d,
        type: 3}
      propertyPath: m_AnchorMax.y
      value: 0
      objectReference: {fileID: 0}
    - target: {fileID: 3081990394123482596, guid: 8c49bd69a86fa5949b26f3374e5af36d,
        type: 3}
      propertyPath: m_AnchorMin.y
      value: 0
      objectReference: {fileID: 0}
    - target: {fileID: 3081990394123482596, guid: 8c49bd69a86fa5949b26f3374e5af36d,
        type: 3}
      propertyPath: m_SizeDelta.x
      value: 0
      objectReference: {fileID: 0}
    - target: {fileID: 3081990394123482596, guid: 8c49bd69a86fa5949b26f3374e5af36d,
        type: 3}
      propertyPath: m_AnchoredPosition.x
      value: 0
      objectReference: {fileID: 0}
    - target: {fileID: 3081990394609287524, guid: 8c49bd69a86fa5949b26f3374e5af36d,
        type: 3}
      propertyPath: m_AnchorMax.y
      value: 0
      objectReference: {fileID: 0}
    - target: {fileID: 3081990394928317887, guid: 8c49bd69a86fa5949b26f3374e5af36d,
        type: 3}
      propertyPath: m_text
      value: Game Finished
      objectReference: {fileID: 0}
    - target: {fileID: 3081990394928317887, guid: 8c49bd69a86fa5949b26f3374e5af36d,
        type: 3}
      propertyPath: m_fontSize
      value: 72
      objectReference: {fileID: 0}
    - target: {fileID: 3081990394928317887, guid: 8c49bd69a86fa5949b26f3374e5af36d,
        type: 3}
      propertyPath: m_fontStyle
      value: 17
      objectReference: {fileID: 0}
    - target: {fileID: 3081990395093621450, guid: 8c49bd69a86fa5949b26f3374e5af36d,
        type: 3}
      propertyPath: m_Enabled
      value: 0
      objectReference: {fileID: 0}
    - target: {fileID: 3081990395112566690, guid: 8c49bd69a86fa5949b26f3374e5af36d,
        type: 3}
      propertyPath: m_AnchorMax.y
      value: 0
      objectReference: {fileID: 0}
    - target: {fileID: 3081990395321119552, guid: 8c49bd69a86fa5949b26f3374e5af36d,
        type: 3}
      propertyPath: m_Name
      value: ui-endgame
      objectReference: {fileID: 0}
    - target: {fileID: 3081990395321119553, guid: 8c49bd69a86fa5949b26f3374e5af36d,
        type: 3}
      propertyPath: m_Pivot.x
      value: 0.5
      objectReference: {fileID: 0}
    - target: {fileID: 3081990395321119553, guid: 8c49bd69a86fa5949b26f3374e5af36d,
        type: 3}
      propertyPath: m_Pivot.y
      value: 0.5
      objectReference: {fileID: 0}
    - target: {fileID: 3081990395321119553, guid: 8c49bd69a86fa5949b26f3374e5af36d,
        type: 3}
      propertyPath: m_RootOrder
      value: 2
      objectReference: {fileID: 0}
    - target: {fileID: 3081990395321119553, guid: 8c49bd69a86fa5949b26f3374e5af36d,
        type: 3}
      propertyPath: m_AnchorMax.x
      value: 1
      objectReference: {fileID: 0}
    - target: {fileID: 3081990395321119553, guid: 8c49bd69a86fa5949b26f3374e5af36d,
        type: 3}
      propertyPath: m_AnchorMax.y
      value: 1
      objectReference: {fileID: 0}
    - target: {fileID: 3081990395321119553, guid: 8c49bd69a86fa5949b26f3374e5af36d,
        type: 3}
      propertyPath: m_AnchorMin.x
      value: 0
      objectReference: {fileID: 0}
    - target: {fileID: 3081990395321119553, guid: 8c49bd69a86fa5949b26f3374e5af36d,
        type: 3}
      propertyPath: m_AnchorMin.y
      value: 0
      objectReference: {fileID: 0}
    - target: {fileID: 3081990395321119553, guid: 8c49bd69a86fa5949b26f3374e5af36d,
        type: 3}
      propertyPath: m_SizeDelta.x
      value: -1280
      objectReference: {fileID: 0}
    - target: {fileID: 3081990395321119553, guid: 8c49bd69a86fa5949b26f3374e5af36d,
        type: 3}
      propertyPath: m_SizeDelta.y
      value: -256
      objectReference: {fileID: 0}
    - target: {fileID: 3081990395321119553, guid: 8c49bd69a86fa5949b26f3374e5af36d,
        type: 3}
      propertyPath: m_LocalPosition.x
      value: 0
      objectReference: {fileID: 0}
    - target: {fileID: 3081990395321119553, guid: 8c49bd69a86fa5949b26f3374e5af36d,
        type: 3}
      propertyPath: m_LocalPosition.y
      value: 0
      objectReference: {fileID: 0}
    - target: {fileID: 3081990395321119553, guid: 8c49bd69a86fa5949b26f3374e5af36d,
        type: 3}
      propertyPath: m_LocalPosition.z
      value: 0
      objectReference: {fileID: 0}
    - target: {fileID: 3081990395321119553, guid: 8c49bd69a86fa5949b26f3374e5af36d,
        type: 3}
      propertyPath: m_LocalRotation.w
      value: 1
      objectReference: {fileID: 0}
    - target: {fileID: 3081990395321119553, guid: 8c49bd69a86fa5949b26f3374e5af36d,
        type: 3}
      propertyPath: m_LocalRotation.x
      value: -0
      objectReference: {fileID: 0}
    - target: {fileID: 3081990395321119553, guid: 8c49bd69a86fa5949b26f3374e5af36d,
        type: 3}
      propertyPath: m_LocalRotation.y
      value: -0
      objectReference: {fileID: 0}
    - target: {fileID: 3081990395321119553, guid: 8c49bd69a86fa5949b26f3374e5af36d,
        type: 3}
      propertyPath: m_LocalRotation.z
      value: -0
      objectReference: {fileID: 0}
    - target: {fileID: 3081990395321119553, guid: 8c49bd69a86fa5949b26f3374e5af36d,
        type: 3}
      propertyPath: m_AnchoredPosition.x
      value: 0
      objectReference: {fileID: 0}
    - target: {fileID: 3081990395321119553, guid: 8c49bd69a86fa5949b26f3374e5af36d,
        type: 3}
      propertyPath: m_AnchoredPosition.y
      value: 0
      objectReference: {fileID: 0}
    - target: {fileID: 3081990395321119553, guid: 8c49bd69a86fa5949b26f3374e5af36d,
        type: 3}
      propertyPath: m_LocalEulerAnglesHint.x
      value: 0
      objectReference: {fileID: 0}
    - target: {fileID: 3081990395321119553, guid: 8c49bd69a86fa5949b26f3374e5af36d,
        type: 3}
      propertyPath: m_LocalEulerAnglesHint.y
      value: 0
      objectReference: {fileID: 0}
    - target: {fileID: 3081990395321119553, guid: 8c49bd69a86fa5949b26f3374e5af36d,
        type: 3}
      propertyPath: m_LocalEulerAnglesHint.z
      value: 0
      objectReference: {fileID: 0}
    - target: {fileID: 3081990395321119554, guid: 8c49bd69a86fa5949b26f3374e5af36d,
        type: 3}
      propertyPath: m_Alpha
      value: 0
      objectReference: {fileID: 0}
    - target: {fileID: 3081990395321119554, guid: 8c49bd69a86fa5949b26f3374e5af36d,
        type: 3}
      propertyPath: m_Interactable
      value: 0
      objectReference: {fileID: 0}
    - target: {fileID: 3081990395321119554, guid: 8c49bd69a86fa5949b26f3374e5af36d,
        type: 3}
      propertyPath: m_BlocksRaycasts
      value: 0
      objectReference: {fileID: 0}
    - target: {fileID: 3081990395321119556, guid: 8c49bd69a86fa5949b26f3374e5af36d,
        type: 3}
      propertyPath: eventToListen
      value: 
      objectReference: {fileID: 11400000, guid: 246646ce16eb61c498a72962b949dd2f,
        type: 2}
    - target: {fileID: 3081990395321119556, guid: 8c49bd69a86fa5949b26f3374e5af36d,
        type: 3}
      propertyPath: onEvent.m_PersistentCalls.m_Calls.Array.size
      value: 3
      objectReference: {fileID: 0}
    - target: {fileID: 3081990395321119556, guid: 8c49bd69a86fa5949b26f3374e5af36d,
        type: 3}
      propertyPath: onEvent.m_PersistentCalls.m_Calls.Array.data[0].m_Mode
      value: 4
      objectReference: {fileID: 0}
    - target: {fileID: 3081990395321119556, guid: 8c49bd69a86fa5949b26f3374e5af36d,
        type: 3}
      propertyPath: onEvent.m_PersistentCalls.m_Calls.Array.data[1].m_Mode
      value: 6
      objectReference: {fileID: 0}
    - target: {fileID: 3081990395321119556, guid: 8c49bd69a86fa5949b26f3374e5af36d,
        type: 3}
      propertyPath: onEvent.m_PersistentCalls.m_Calls.Array.data[2].m_Mode
      value: 6
      objectReference: {fileID: 0}
    - target: {fileID: 3081990395321119556, guid: 8c49bd69a86fa5949b26f3374e5af36d,
        type: 3}
      propertyPath: onEvent.m_PersistentCalls.m_Calls.Array.data[0].m_Target
      value: 
      objectReference: {fileID: 0}
    - target: {fileID: 3081990395321119556, guid: 8c49bd69a86fa5949b26f3374e5af36d,
        type: 3}
      propertyPath: onEvent.m_PersistentCalls.m_Calls.Array.data[1].m_Target
      value: 
      objectReference: {fileID: 0}
    - target: {fileID: 3081990395321119556, guid: 8c49bd69a86fa5949b26f3374e5af36d,
        type: 3}
      propertyPath: onEvent.m_PersistentCalls.m_Calls.Array.data[2].m_Target
      value: 
      objectReference: {fileID: 0}
    - target: {fileID: 3081990395321119556, guid: 8c49bd69a86fa5949b26f3374e5af36d,
        type: 3}
      propertyPath: onEvent.m_PersistentCalls.m_Calls.Array.data[1].m_CallState
      value: 2
      objectReference: {fileID: 0}
    - target: {fileID: 3081990395321119556, guid: 8c49bd69a86fa5949b26f3374e5af36d,
        type: 3}
      propertyPath: onEvent.m_PersistentCalls.m_Calls.Array.data[2].m_CallState
      value: 2
      objectReference: {fileID: 0}
    - target: {fileID: 3081990395321119556, guid: 8c49bd69a86fa5949b26f3374e5af36d,
        type: 3}
      propertyPath: onEvent.m_PersistentCalls.m_Calls.Array.data[0].m_MethodName
      value: set_alpha
      objectReference: {fileID: 0}
    - target: {fileID: 3081990395321119556, guid: 8c49bd69a86fa5949b26f3374e5af36d,
        type: 3}
      propertyPath: onEvent.m_PersistentCalls.m_Calls.Array.data[1].m_MethodName
      value: set_interactable
      objectReference: {fileID: 0}
    - target: {fileID: 3081990395321119556, guid: 8c49bd69a86fa5949b26f3374e5af36d,
        type: 3}
      propertyPath: onEvent.m_PersistentCalls.m_Calls.Array.data[2].m_MethodName
      value: set_blocksRaycasts
      objectReference: {fileID: 0}
    - target: {fileID: 3081990395321119556, guid: 8c49bd69a86fa5949b26f3374e5af36d,
        type: 3}
      propertyPath: onEvent.m_PersistentCalls.m_Calls.Array.data[0].m_TargetAssemblyTypeName
      value: UnityEngine.CanvasGroup, UnityEngine
      objectReference: {fileID: 0}
    - target: {fileID: 3081990395321119556, guid: 8c49bd69a86fa5949b26f3374e5af36d,
        type: 3}
      propertyPath: onEvent.m_PersistentCalls.m_Calls.Array.data[1].m_TargetAssemblyTypeName
      value: UnityEngine.CanvasGroup, UnityEngine
      objectReference: {fileID: 0}
    - target: {fileID: 3081990395321119556, guid: 8c49bd69a86fa5949b26f3374e5af36d,
        type: 3}
      propertyPath: onEvent.m_PersistentCalls.m_Calls.Array.data[2].m_TargetAssemblyTypeName
      value: UnityEngine.CanvasGroup, UnityEngine
      objectReference: {fileID: 0}
    - target: {fileID: 3081990395321119556, guid: 8c49bd69a86fa5949b26f3374e5af36d,
        type: 3}
      propertyPath: onEvent.m_PersistentCalls.m_Calls.Array.data[1].m_Arguments.m_BoolArgument
      value: 1
      objectReference: {fileID: 0}
    - target: {fileID: 3081990395321119556, guid: 8c49bd69a86fa5949b26f3374e5af36d,
        type: 3}
      propertyPath: onEvent.m_PersistentCalls.m_Calls.Array.data[2].m_Arguments.m_BoolArgument
      value: 1
      objectReference: {fileID: 0}
    - target: {fileID: 3081990395321119556, guid: 8c49bd69a86fa5949b26f3374e5af36d,
        type: 3}
      propertyPath: onEvent.m_PersistentCalls.m_Calls.Array.data[0].m_Arguments.m_FloatArgument
      value: 1
      objectReference: {fileID: 0}
    - target: {fileID: 3081990395321119556, guid: 8c49bd69a86fa5949b26f3374e5af36d,
        type: 3}
      propertyPath: onEvent.m_PersistentCalls.m_Calls.Array.data[1].m_Arguments.m_FloatArgument
      value: 0
      objectReference: {fileID: 0}
    - target: {fileID: 3081990395321119556, guid: 8c49bd69a86fa5949b26f3374e5af36d,
        type: 3}
      propertyPath: onEvent.m_PersistentCalls.m_Calls.Array.data[1].m_Arguments.m_ObjectArgumentAssemblyTypeName
      value: UnityEngine.Object, UnityEngine
      objectReference: {fileID: 0}
    - target: {fileID: 3081990395321119556, guid: 8c49bd69a86fa5949b26f3374e5af36d,
        type: 3}
      propertyPath: onEvent.m_PersistentCalls.m_Calls.Array.data[2].m_Arguments.m_ObjectArgumentAssemblyTypeName
      value: UnityEngine.Object, UnityEngine
      objectReference: {fileID: 0}
    - target: {fileID: 5357328722328258344, guid: 8c49bd69a86fa5949b26f3374e5af36d,
        type: 3}
      propertyPath: m_AnchorMax.y
      value: 0
      objectReference: {fileID: 0}
    - target: {fileID: 5357328722328258344, guid: 8c49bd69a86fa5949b26f3374e5af36d,
        type: 3}
      propertyPath: m_AnchorMin.y
      value: 0
      objectReference: {fileID: 0}
    - target: {fileID: 5357328722328258344, guid: 8c49bd69a86fa5949b26f3374e5af36d,
        type: 3}
      propertyPath: m_SizeDelta.x
      value: 0
      objectReference: {fileID: 0}
    - target: {fileID: 5357328722328258344, guid: 8c49bd69a86fa5949b26f3374e5af36d,
        type: 3}
      propertyPath: m_SizeDelta.y
      value: 0
      objectReference: {fileID: 0}
    - target: {fileID: 5357328722328258344, guid: 8c49bd69a86fa5949b26f3374e5af36d,
        type: 3}
      propertyPath: m_AnchoredPosition.x
      value: 0
      objectReference: {fileID: 0}
    - target: {fileID: 5357328722328258344, guid: 8c49bd69a86fa5949b26f3374e5af36d,
        type: 3}
      propertyPath: m_AnchoredPosition.y
      value: 0
      objectReference: {fileID: 0}
    - target: {fileID: 5357328722451196047, guid: 8c49bd69a86fa5949b26f3374e5af36d,
        type: 3}
      propertyPath: m_AnchorMax.y
      value: 0
      objectReference: {fileID: 0}
    - target: {fileID: 5357328722451196047, guid: 8c49bd69a86fa5949b26f3374e5af36d,
        type: 3}
      propertyPath: m_AnchorMin.y
      value: 0
      objectReference: {fileID: 0}
    - target: {fileID: 5357328722451196047, guid: 8c49bd69a86fa5949b26f3374e5af36d,
        type: 3}
      propertyPath: m_SizeDelta.x
      value: 0
      objectReference: {fileID: 0}
    - target: {fileID: 5357328722451196047, guid: 8c49bd69a86fa5949b26f3374e5af36d,
        type: 3}
      propertyPath: m_SizeDelta.y
      value: 0
      objectReference: {fileID: 0}
    - target: {fileID: 5357328722451196047, guid: 8c49bd69a86fa5949b26f3374e5af36d,
        type: 3}
      propertyPath: m_AnchoredPosition.x
      value: 0
      objectReference: {fileID: 0}
    - target: {fileID: 5357328722451196047, guid: 8c49bd69a86fa5949b26f3374e5af36d,
        type: 3}
      propertyPath: m_AnchoredPosition.y
      value: 0
      objectReference: {fileID: 0}
    - target: {fileID: 6176655764553568013, guid: 8c49bd69a86fa5949b26f3374e5af36d,
        type: 3}
      propertyPath: m_IsActive
      value: 0
      objectReference: {fileID: 0}
    - target: {fileID: 6742257036158864886, guid: 8c49bd69a86fa5949b26f3374e5af36d,
        type: 3}
      propertyPath: m_OnClick.m_PersistentCalls.m_Calls.Array.size
      value: 1
      objectReference: {fileID: 0}
    - target: {fileID: 6742257036158864886, guid: 8c49bd69a86fa5949b26f3374e5af36d,
        type: 3}
      propertyPath: m_OnClick.m_PersistentCalls.m_Calls.Array.data[1].m_Mode
      value: 1
      objectReference: {fileID: 0}
    - target: {fileID: 6742257036158864886, guid: 8c49bd69a86fa5949b26f3374e5af36d,
        type: 3}
      propertyPath: m_OnClick.m_PersistentCalls.m_Calls.Array.data[0].m_Target
      value: 
      objectReference: {fileID: 3081990394356199401}
    - target: {fileID: 6742257036158864886, guid: 8c49bd69a86fa5949b26f3374e5af36d,
        type: 3}
      propertyPath: m_OnClick.m_PersistentCalls.m_Calls.Array.data[1].m_Target
      value: 
      objectReference: {fileID: 0}
    - target: {fileID: 6742257036158864886, guid: 8c49bd69a86fa5949b26f3374e5af36d,
        type: 3}
      propertyPath: m_OnClick.m_PersistentCalls.m_Calls.Array.data[1].m_CallState
      value: 2
      objectReference: {fileID: 0}
    - target: {fileID: 6742257036158864886, guid: 8c49bd69a86fa5949b26f3374e5af36d,
        type: 3}
      propertyPath: m_OnClick.m_PersistentCalls.m_Calls.Array.data[0].m_MethodName
      value: RestartGame
      objectReference: {fileID: 0}
    - target: {fileID: 6742257036158864886, guid: 8c49bd69a86fa5949b26f3374e5af36d,
        type: 3}
      propertyPath: m_OnClick.m_PersistentCalls.m_Calls.Array.data[1].m_MethodName
      value: 
      objectReference: {fileID: 0}
    - target: {fileID: 6742257036158864886, guid: 8c49bd69a86fa5949b26f3374e5af36d,
        type: 3}
      propertyPath: m_OnClick.m_PersistentCalls.m_Calls.Array.data[1].m_TargetAssemblyTypeName
      value: OptionsController, Assembly-CSharp
      objectReference: {fileID: 0}
    - target: {fileID: 6742257036158864886, guid: 8c49bd69a86fa5949b26f3374e5af36d,
        type: 3}
      propertyPath: m_OnClick.m_PersistentCalls.m_Calls.Array.data[1].m_Arguments.m_ObjectArgumentAssemblyTypeName
      value: 
      objectReference: {fileID: 0}
    - target: {fileID: 8117390284968146390, guid: 8c49bd69a86fa5949b26f3374e5af36d,
        type: 3}
      propertyPath: notes
      value: Show end game screen on game over
      objectReference: {fileID: 0}
    - target: {fileID: 8117390284968146390, guid: 8c49bd69a86fa5949b26f3374e5af36d,
        type: 3}
      propertyPath: eventToListen
      value: 
      objectReference: {fileID: 11400000, guid: 246646ce16eb61c498a72962b949dd2f,
        type: 2}
    - target: {fileID: 8117390284968146390, guid: 8c49bd69a86fa5949b26f3374e5af36d,
        type: 3}
      propertyPath: onEvent.m_PersistentCalls.m_Calls.Array.data[0].m_Mode
      value: 6
      objectReference: {fileID: 0}
    - target: {fileID: 8117390284968146390, guid: 8c49bd69a86fa5949b26f3374e5af36d,
        type: 3}
      propertyPath: onEvent.m_PersistentCalls.m_Calls.Array.data[0].m_Target
      value: 
      objectReference: {fileID: 177249917}
    - target: {fileID: 8117390284968146390, guid: 8c49bd69a86fa5949b26f3374e5af36d,
        type: 3}
      propertyPath: onEvent.m_PersistentCalls.m_Calls.Array.data[0].m_MethodName
      value: ShowPanel
      objectReference: {fileID: 0}
    - target: {fileID: 8117390284968146390, guid: 8c49bd69a86fa5949b26f3374e5af36d,
        type: 3}
      propertyPath: onEvent.m_PersistentCalls.m_Calls.Array.data[0].m_TargetAssemblyTypeName
      value: UIPanel, Assembly-CSharp
      objectReference: {fileID: 0}
    - target: {fileID: 8117390284968146390, guid: 8c49bd69a86fa5949b26f3374e5af36d,
        type: 3}
      propertyPath: onEvent.m_PersistentCalls.m_Calls.Array.data[0].m_Arguments.m_BoolArgument
      value: 1
      objectReference: {fileID: 0}
    m_RemovedComponents:
    - {fileID: 3081990395321119555, guid: 8c49bd69a86fa5949b26f3374e5af36d, type: 3}
    - {fileID: 3081990395321119554, guid: 8c49bd69a86fa5949b26f3374e5af36d, type: 3}
    - {fileID: 6190015222975984786, guid: 8c49bd69a86fa5949b26f3374e5af36d, type: 3}
  m_SourcePrefab: {fileID: 100100000, guid: 8c49bd69a86fa5949b26f3374e5af36d, type: 3}
--- !u!224 &903044834 stripped
RectTransform:
  m_CorrespondingSourceObject: {fileID: 3081990395321119553, guid: 8c49bd69a86fa5949b26f3374e5af36d,
    type: 3}
  m_PrefabInstance: {fileID: 903044833}
  m_PrefabAsset: {fileID: 0}
--- !u!224 &981703849 stripped
RectTransform:
  m_CorrespondingSourceObject: {fileID: 3081990395321119553, guid: 8c49bd69a86fa5949b26f3374e5af36d,
    type: 3}
  m_PrefabInstance: {fileID: 3081990394356199400}
  m_PrefabAsset: {fileID: 0}
--- !u!1 &1126204720
GameObject:
  m_ObjectHideFlags: 0
  m_CorrespondingSourceObject: {fileID: 0}
  m_PrefabInstance: {fileID: 0}
  m_PrefabAsset: {fileID: 0}
  serializedVersion: 6
  m_Component:
  - component: {fileID: 1126204721}
  - component: {fileID: 1126204723}
  - component: {fileID: 1126204722}
  m_Layer: 5
  m_Name: background
  m_TagString: Untagged
  m_Icon: {fileID: 0}
  m_NavMeshLayer: 0
  m_StaticEditorFlags: 0
  m_IsActive: 1
--- !u!224 &1126204721
RectTransform:
  m_ObjectHideFlags: 0
  m_CorrespondingSourceObject: {fileID: 0}
  m_PrefabInstance: {fileID: 0}
  m_PrefabAsset: {fileID: 0}
  m_GameObject: {fileID: 1126204720}
  m_LocalRotation: {x: 0, y: 0, z: 0, w: 1}
  m_LocalPosition: {x: 0, y: 0, z: 0}
  m_LocalScale: {x: 1, y: 1, z: 1}
  m_Children: []
  m_Father: {fileID: 177249916}
  m_RootOrder: 0
  m_LocalEulerAnglesHint: {x: 0, y: 0, z: 0}
  m_AnchorMin: {x: 0, y: 0}
  m_AnchorMax: {x: 1, y: 1}
  m_AnchoredPosition: {x: 0, y: 0}
  m_SizeDelta: {x: 0, y: 0}
  m_Pivot: {x: 0.5, y: 0.5}
--- !u!114 &1126204722
MonoBehaviour:
  m_ObjectHideFlags: 0
  m_CorrespondingSourceObject: {fileID: 0}
  m_PrefabInstance: {fileID: 0}
  m_PrefabAsset: {fileID: 0}
  m_GameObject: {fileID: 1126204720}
  m_Enabled: 1
  m_EditorHideFlags: 0
  m_Script: {fileID: 11500000, guid: fe87c0e1cc204ed48ad3b37840f39efc, type: 3}
  m_Name: 
  m_EditorClassIdentifier: 
  m_Material: {fileID: 0}
  m_Color: {r: 0, g: 0, b: 0, a: 1}
  m_RaycastTarget: 1
  m_RaycastPadding: {x: 0, y: 0, z: 0, w: 0}
  m_Maskable: 1
  m_OnCullStateChanged:
    m_PersistentCalls:
      m_Calls: []
  m_Sprite: {fileID: 0}
  m_Type: 0
  m_PreserveAspect: 0
  m_FillCenter: 1
  m_FillMethod: 4
  m_FillAmount: 1
  m_FillClockwise: 1
  m_FillOrigin: 0
  m_UseSpriteMesh: 0
  m_PixelsPerUnitMultiplier: 1
--- !u!222 &1126204723
CanvasRenderer:
  m_ObjectHideFlags: 0
  m_CorrespondingSourceObject: {fileID: 0}
  m_PrefabInstance: {fileID: 0}
  m_PrefabAsset: {fileID: 0}
  m_GameObject: {fileID: 1126204720}
  m_CullTransparentMesh: 1
--- !u!1 &1168900998
GameObject:
  m_ObjectHideFlags: 0
  m_CorrespondingSourceObject: {fileID: 0}
  m_PrefabInstance: {fileID: 0}
  m_PrefabAsset: {fileID: 0}
  serializedVersion: 6
  m_Component:
  - component: {fileID: 1168900999}
  m_Layer: 5
  m_Name: UIElements
  m_TagString: Untagged
  m_Icon: {fileID: 0}
  m_NavMeshLayer: 0
  m_StaticEditorFlags: 0
  m_IsActive: 1
--- !u!224 &1168900999
RectTransform:
  m_ObjectHideFlags: 0
  m_CorrespondingSourceObject: {fileID: 0}
  m_PrefabInstance: {fileID: 0}
  m_PrefabAsset: {fileID: 0}
  m_GameObject: {fileID: 1168900998}
  m_LocalRotation: {x: 0, y: 0, z: 0, w: 1}
  m_LocalPosition: {x: 0, y: 0, z: 0}
  m_LocalScale: {x: 1, y: 1, z: 1}
  m_Children:
  - {fileID: 981703849}
  - {fileID: 177249916}
  m_Father: {fileID: 59433519}
  m_RootOrder: 2
  m_LocalEulerAnglesHint: {x: 0, y: 0, z: 0}
  m_AnchorMin: {x: 0, y: 0}
  m_AnchorMax: {x: 1, y: 1}
  m_AnchoredPosition: {x: 0, y: 0}
  m_SizeDelta: {x: 0, y: 0}
  m_Pivot: {x: 0.5, y: 0.5}
--- !u!1 &1369177045
GameObject:
  m_ObjectHideFlags: 0
  m_CorrespondingSourceObject: {fileID: 0}
  m_PrefabInstance: {fileID: 0}
  m_PrefabAsset: {fileID: 0}
  serializedVersion: 6
  m_Component:
  - component: {fileID: 1369177046}
  - component: {fileID: 1369177048}
  - component: {fileID: 1369177047}
  m_Layer: 5
  m_Name: evt-ruppies
  m_TagString: Untagged
  m_Icon: {fileID: 0}
  m_NavMeshLayer: 0
  m_StaticEditorFlags: 0
  m_IsActive: 1
--- !u!224 &1369177046
RectTransform:
  m_ObjectHideFlags: 0
  m_CorrespondingSourceObject: {fileID: 0}
  m_PrefabInstance: {fileID: 0}
  m_PrefabAsset: {fileID: 0}
  m_GameObject: {fileID: 1369177045}
  m_LocalRotation: {x: -0, y: -0, z: -0, w: 1}
  m_LocalPosition: {x: 0, y: 0, z: 0}
  m_LocalScale: {x: 1, y: 1, z: 1}
  m_Children: []
  m_Father: {fileID: 42953894}
  m_RootOrder: 2
  m_LocalEulerAnglesHint: {x: 0, y: 0, z: 0}
  m_AnchorMin: {x: 0, y: 0}
  m_AnchorMax: {x: 0, y: 0}
  m_AnchoredPosition: {x: 0, y: 0}
  m_SizeDelta: {x: 0, y: 100}
  m_Pivot: {x: 0.5, y: 0.5}
--- !u!114 &1369177047
MonoBehaviour:
  m_ObjectHideFlags: 0
  m_CorrespondingSourceObject: {fileID: 0}
  m_PrefabInstance: {fileID: 0}
  m_PrefabAsset: {fileID: 0}
  m_GameObject: {fileID: 1369177045}
  m_Enabled: 1
  m_EditorHideFlags: 0
  m_Script: {fileID: 11500000, guid: 95733bfcf8c96304eb349afcd408bc6b, type: 3}
  m_Name: 
  m_EditorClassIdentifier: 
  eventToListen: {fileID: 11400000, guid: cdc0978e19bed6e4a889dccfba608e60, type: 2}
  onEvent:
    m_PersistentCalls:
      m_Calls:
      - m_Target: {fileID: 42953896}
        m_TargetAssemblyTypeName: RuppiePocket, Assembly-CSharp
        m_MethodName: AddRuppie
        m_Mode: 3
        m_Arguments:
          m_ObjectArgument: {fileID: 0}
          m_ObjectArgumentAssemblyTypeName: UnityEngine.Object, UnityEngine
          m_IntArgument: 5
          m_FloatArgument: 0
          m_StringArgument: Drag
          m_BoolArgument: 0
        m_CallState: 2
  notes: Get 5 Ruppies
  debugEvent: 0
--- !u!114 &1369177048
MonoBehaviour:
  m_ObjectHideFlags: 0
  m_CorrespondingSourceObject: {fileID: 0}
  m_PrefabInstance: {fileID: 0}
  m_PrefabAsset: {fileID: 0}
  m_GameObject: {fileID: 1369177045}
  m_Enabled: 1
  m_EditorHideFlags: 0
  m_Script: {fileID: 11500000, guid: 95733bfcf8c96304eb349afcd408bc6b, type: 3}
  m_Name: 
  m_EditorClassIdentifier: 
  eventToListen: {fileID: 11400000, guid: ea106471a1752c64799886b4e1e3f508, type: 2}
  onEvent:
    m_PersistentCalls:
      m_Calls:
      - m_Target: {fileID: 42953896}
        m_TargetAssemblyTypeName: RuppiePocket, Assembly-CSharp
        m_MethodName: AddRuppie
        m_Mode: 3
        m_Arguments:
          m_ObjectArgument: {fileID: 0}
          m_ObjectArgumentAssemblyTypeName: UnityEngine.Object, UnityEngine
          m_IntArgument: 1
          m_FloatArgument: 0
          m_StringArgument: Drag
          m_BoolArgument: 0
        m_CallState: 2
  notes: Get 1 Ruppie
  debugEvent: 0
--- !u!1 &1538355807
GameObject:
  m_ObjectHideFlags: 0
  m_CorrespondingSourceObject: {fileID: 0}
  m_PrefabInstance: {fileID: 0}
  m_PrefabAsset: {fileID: 0}
  serializedVersion: 6
  m_Component:
  - component: {fileID: 1538355808}
  - component: {fileID: 1538355810}
  - component: {fileID: 1538355809}
  m_Layer: 5
  m_Name: focusUp
  m_TagString: Untagged
  m_Icon: {fileID: 0}
  m_NavMeshLayer: 0
  m_StaticEditorFlags: 0
  m_IsActive: 1
--- !u!224 &1538355808
RectTransform:
  m_ObjectHideFlags: 0
  m_CorrespondingSourceObject: {fileID: 0}
  m_PrefabInstance: {fileID: 0}
  m_PrefabAsset: {fileID: 0}
  m_GameObject: {fileID: 1538355807}
  m_LocalRotation: {x: 0, y: 0, z: 0, w: 1}
  m_LocalPosition: {x: 0, y: 0, z: 0}
  m_LocalScale: {x: 1, y: 1, z: 1}
  m_Children: []
  m_Father: {fileID: 1372206148065985448}
  m_RootOrder: 0
  m_LocalEulerAnglesHint: {x: 0, y: 0, z: 0}
  m_AnchorMin: {x: 0, y: 1}
  m_AnchorMax: {x: 1, y: 1}
  m_AnchoredPosition: {x: 0, y: 0}
  m_SizeDelta: {x: 0, y: 112}
  m_Pivot: {x: 0.5, y: 1}
--- !u!114 &1538355809
MonoBehaviour:
  m_ObjectHideFlags: 0
  m_CorrespondingSourceObject: {fileID: 0}
  m_PrefabInstance: {fileID: 0}
  m_PrefabAsset: {fileID: 0}
  m_GameObject: {fileID: 1538355807}
  m_Enabled: 1
  m_EditorHideFlags: 0
  m_Script: {fileID: 11500000, guid: fe87c0e1cc204ed48ad3b37840f39efc, type: 3}
  m_Name: 
  m_EditorClassIdentifier: 
  m_Material: {fileID: 0}
  m_Color: {r: 0, g: 0, b: 0, a: 1}
  m_RaycastTarget: 1
  m_RaycastPadding: {x: 0, y: 0, z: 0, w: 0}
  m_Maskable: 1
  m_OnCullStateChanged:
    m_PersistentCalls:
      m_Calls: []
  m_Sprite: {fileID: 0}
  m_Type: 0
  m_PreserveAspect: 0
  m_FillCenter: 1
  m_FillMethod: 4
  m_FillAmount: 1
  m_FillClockwise: 1
  m_FillOrigin: 0
  m_UseSpriteMesh: 0
  m_PixelsPerUnitMultiplier: 1
--- !u!222 &1538355810
CanvasRenderer:
  m_ObjectHideFlags: 0
  m_CorrespondingSourceObject: {fileID: 0}
  m_PrefabInstance: {fileID: 0}
  m_PrefabAsset: {fileID: 0}
  m_GameObject: {fileID: 1538355807}
  m_CullTransparentMesh: 1
--- !u!224 &1723150579 stripped
RectTransform:
  m_CorrespondingSourceObject: {fileID: 6680351503908321908, guid: 3c745695eda110b459b4c011cf4bf948,
    type: 3}
  m_PrefabInstance: {fileID: 6680351502269581959}
  m_PrefabAsset: {fileID: 0}
--- !u!1 &1826840417
GameObject:
  m_ObjectHideFlags: 0
  m_CorrespondingSourceObject: {fileID: 0}
  m_PrefabInstance: {fileID: 0}
  m_PrefabAsset: {fileID: 0}
  serializedVersion: 6
  m_Component:
  - component: {fileID: 1826840418}
  - component: {fileID: 1826840420}
  - component: {fileID: 1826840419}
  m_Layer: 5
  m_Name: ui-interact
  m_TagString: Untagged
  m_Icon: {fileID: 0}
  m_NavMeshLayer: 0
  m_StaticEditorFlags: 0
  m_IsActive: 1
--- !u!224 &1826840418
RectTransform:
  m_ObjectHideFlags: 0
  m_CorrespondingSourceObject: {fileID: 0}
  m_PrefabInstance: {fileID: 0}
  m_PrefabAsset: {fileID: 0}
  m_GameObject: {fileID: 1826840417}
  m_LocalRotation: {x: -0, y: -0, z: -0, w: 1}
  m_LocalPosition: {x: 0, y: 0, z: 0}
  m_LocalScale: {x: 1, y: 1, z: 1}
  m_Children:
  - {fileID: 134674937}
  - {fileID: 46772490}
  - {fileID: 203976034}
  m_Father: {fileID: 298999440}
  m_RootOrder: 0
  m_LocalEulerAnglesHint: {x: 0, y: 0, z: 0}
  m_AnchorMin: {x: 1, y: 1}
  m_AnchorMax: {x: 1, y: 1}
  m_AnchoredPosition: {x: 0, y: 0}
  m_SizeDelta: {x: 160, y: 160}
  m_Pivot: {x: 1, y: 1}
--- !u!114 &1826840419
MonoBehaviour:
  m_ObjectHideFlags: 0
  m_CorrespondingSourceObject: {fileID: 0}
  m_PrefabInstance: {fileID: 0}
  m_PrefabAsset: {fileID: 0}
  m_GameObject: {fileID: 1826840417}
  m_Enabled: 1
  m_EditorHideFlags: 0
  m_Script: {fileID: 11500000, guid: fe87c0e1cc204ed48ad3b37840f39efc, type: 3}
  m_Name: 
  m_EditorClassIdentifier: 
  m_Material: {fileID: 0}
  m_Color: {r: 0.3915094, g: 0.8019508, b: 1, a: 1}
  m_RaycastTarget: 0
  m_RaycastPadding: {x: 0, y: 0, z: 0, w: 0}
  m_Maskable: 0
  m_OnCullStateChanged:
    m_PersistentCalls:
      m_Calls: []
  m_Sprite: {fileID: 10913, guid: 0000000000000000f000000000000000, type: 0}
  m_Type: 0
  m_PreserveAspect: 0
  m_FillCenter: 1
  m_FillMethod: 4
  m_FillAmount: 1
  m_FillClockwise: 0
  m_FillOrigin: 0
  m_UseSpriteMesh: 0
  m_PixelsPerUnitMultiplier: 1
--- !u!222 &1826840420
CanvasRenderer:
  m_ObjectHideFlags: 0
  m_CorrespondingSourceObject: {fileID: 0}
  m_PrefabInstance: {fileID: 0}
  m_PrefabAsset: {fileID: 0}
  m_GameObject: {fileID: 1826840417}
  m_CullTransparentMesh: 0
--- !u!114 &1372206147685311258
MonoBehaviour:
  m_ObjectHideFlags: 0
  m_CorrespondingSourceObject: {fileID: 0}
  m_PrefabInstance: {fileID: 0}
  m_PrefabAsset: {fileID: 0}
  m_GameObject: {fileID: 1372206147685311332}
  m_Enabled: 1
  m_EditorHideFlags: 0
  m_Script: {fileID: 11500000, guid: 95733bfcf8c96304eb349afcd408bc6b, type: 3}
  m_Name: 
  m_EditorClassIdentifier: 
  eventToListen: {fileID: 11400000, guid: 5ecb015f44e779340b9250cd267f7e65, type: 2}
  onEvent:
    m_PersistentCalls:
      m_Calls:
      - m_Target: {fileID: 1372206148065985450}
        m_TargetAssemblyTypeName: UIPanel, Assembly-CSharp
        m_MethodName: ShowPanel
        m_Mode: 6
        m_Arguments:
          m_ObjectArgument: {fileID: 0}
          m_ObjectArgumentAssemblyTypeName: UnityEngine.Object, UnityEngine
          m_IntArgument: 0
          m_FloatArgument: 0
          m_StringArgument: 
          m_BoolArgument: 1
        m_CallState: 2
  notes: Show Focus
  debugEvent: 0
--- !u!224 &1372206147685311259
RectTransform:
  m_ObjectHideFlags: 0
  m_CorrespondingSourceObject: {fileID: 0}
  m_PrefabInstance: {fileID: 0}
  m_PrefabAsset: {fileID: 0}
  m_GameObject: {fileID: 1372206147685311332}
  m_LocalRotation: {x: 0, y: 0, z: 0, w: 1}
  m_LocalPosition: {x: 0, y: 0, z: 0}
  m_LocalScale: {x: 1, y: 1, z: 1}
  m_Children: []
  m_Father: {fileID: 1372206148065985448}
  m_RootOrder: 2
  m_LocalEulerAnglesHint: {x: 0, y: 0, z: 0}
  m_AnchorMin: {x: 0.5, y: 0.5}
  m_AnchorMax: {x: 0.5, y: 0.5}
  m_AnchoredPosition: {x: 0, y: 0}
  m_SizeDelta: {x: 100, y: 100}
  m_Pivot: {x: 0.5, y: 0.5}
--- !u!1 &1372206147685311332
GameObject:
  m_ObjectHideFlags: 0
  m_CorrespondingSourceObject: {fileID: 0}
  m_PrefabInstance: {fileID: 0}
  m_PrefabAsset: {fileID: 0}
  serializedVersion: 6
  m_Component:
  - component: {fileID: 1372206147685311259}
  - component: {fileID: 1372206147685311258}
  - component: {fileID: 4933134037572720520}
  m_Layer: 5
  m_Name: fade-event-listeners
  m_TagString: Untagged
  m_Icon: {fileID: 0}
  m_NavMeshLayer: 0
  m_StaticEditorFlags: 0
  m_IsActive: 1
--- !u!224 &1372206148065985448
RectTransform:
  m_ObjectHideFlags: 0
  m_CorrespondingSourceObject: {fileID: 0}
  m_PrefabInstance: {fileID: 0}
  m_PrefabAsset: {fileID: 0}
  m_GameObject: {fileID: 1372206148065985449}
  m_LocalRotation: {x: 0, y: 0, z: 0, w: 1}
  m_LocalPosition: {x: 0, y: 0, z: 0}
  m_LocalScale: {x: 1, y: 1, z: 1}
  m_Children:
  - {fileID: 1538355808}
  - {fileID: 813924611}
  - {fileID: 1372206147685311259}
  m_Father: {fileID: 59433519}
  m_RootOrder: 0
  m_LocalEulerAnglesHint: {x: 0, y: 0, z: 0}
  m_AnchorMin: {x: 0, y: 0}
  m_AnchorMax: {x: 1, y: 1}
  m_AnchoredPosition: {x: 0, y: 0}
  m_SizeDelta: {x: 0, y: 0}
  m_Pivot: {x: 0.5, y: 0.5}
--- !u!1 &1372206148065985449
GameObject:
  m_ObjectHideFlags: 0
  m_CorrespondingSourceObject: {fileID: 0}
  m_PrefabInstance: {fileID: 0}
  m_PrefabAsset: {fileID: 0}
  serializedVersion: 6
  m_Component:
  - component: {fileID: 1372206148065985448}
  - component: {fileID: 1372206148065985454}
  - component: {fileID: 1372206148065985450}
  - component: {fileID: 1372206148065985453}
  m_Layer: 5
  m_Name: Focus-Main
  m_TagString: Untagged
  m_Icon: {fileID: 0}
  m_NavMeshLayer: 0
  m_StaticEditorFlags: 0
  m_IsActive: 1
--- !u!114 &1372206148065985450
MonoBehaviour:
  m_ObjectHideFlags: 0
  m_CorrespondingSourceObject: {fileID: 0}
  m_PrefabInstance: {fileID: 0}
  m_PrefabAsset: {fileID: 0}
  m_GameObject: {fileID: 1372206148065985449}
  m_Enabled: 1
  m_EditorHideFlags: 0
  m_Script: {fileID: 11500000, guid: 41d012f2992536c4cb3a8de108732772, type: 3}
  m_Name: 
  m_EditorClassIdentifier: 
  isInteractable: 0
  autoDisable: 1
--- !u!225 &1372206148065985453
CanvasGroup:
  m_ObjectHideFlags: 0
  m_CorrespondingSourceObject: {fileID: 0}
  m_PrefabInstance: {fileID: 0}
  m_PrefabAsset: {fileID: 0}
  m_GameObject: {fileID: 1372206148065985449}
  m_Enabled: 1
  m_Alpha: 1
  m_Interactable: 0
  m_BlocksRaycasts: 0
  m_IgnoreParentGroups: 0
--- !u!222 &1372206148065985454
CanvasRenderer:
  m_ObjectHideFlags: 0
  m_CorrespondingSourceObject: {fileID: 0}
  m_PrefabInstance: {fileID: 0}
  m_PrefabAsset: {fileID: 0}
  m_GameObject: {fileID: 1372206148065985449}
  m_CullTransparentMesh: 1
--- !u!1001 &3081990394356199400
PrefabInstance:
  m_ObjectHideFlags: 0
  serializedVersion: 2
  m_Modification:
    m_TransformParent: {fileID: 1168900999}
    m_Modifications:
    - target: {fileID: 2235823827499951013, guid: 8c49bd69a86fa5949b26f3374e5af36d,
        type: 3}
      propertyPath: m_AnchorMax.y
      value: 0
      objectReference: {fileID: 0}
    - target: {fileID: 2235823827499951013, guid: 8c49bd69a86fa5949b26f3374e5af36d,
        type: 3}
      propertyPath: m_AnchorMin.y
      value: 0
      objectReference: {fileID: 0}
    - target: {fileID: 2235823827499951013, guid: 8c49bd69a86fa5949b26f3374e5af36d,
        type: 3}
      propertyPath: m_SizeDelta.x
      value: 0
      objectReference: {fileID: 0}
    - target: {fileID: 2235823827499951013, guid: 8c49bd69a86fa5949b26f3374e5af36d,
        type: 3}
      propertyPath: m_SizeDelta.y
      value: 0
      objectReference: {fileID: 0}
    - target: {fileID: 2235823827499951013, guid: 8c49bd69a86fa5949b26f3374e5af36d,
        type: 3}
      propertyPath: m_AnchoredPosition.x
      value: 0
      objectReference: {fileID: 0}
    - target: {fileID: 2235823827499951013, guid: 8c49bd69a86fa5949b26f3374e5af36d,
        type: 3}
      propertyPath: m_AnchoredPosition.y
      value: 0
      objectReference: {fileID: 0}
    - target: {fileID: 3081990393489515189, guid: 8c49bd69a86fa5949b26f3374e5af36d,
        type: 3}
      propertyPath: m_AnchorMax.y
      value: 0
      objectReference: {fileID: 0}
    - target: {fileID: 3081990393489515189, guid: 8c49bd69a86fa5949b26f3374e5af36d,
        type: 3}
      propertyPath: m_AnchorMin.y
      value: 0
      objectReference: {fileID: 0}
    - target: {fileID: 3081990393489515189, guid: 8c49bd69a86fa5949b26f3374e5af36d,
        type: 3}
      propertyPath: m_SizeDelta.x
      value: 0
      objectReference: {fileID: 0}
    - target: {fileID: 3081990393489515189, guid: 8c49bd69a86fa5949b26f3374e5af36d,
        type: 3}
      propertyPath: m_SizeDelta.y
      value: 0
      objectReference: {fileID: 0}
    - target: {fileID: 3081990393489515189, guid: 8c49bd69a86fa5949b26f3374e5af36d,
        type: 3}
      propertyPath: m_AnchoredPosition.x
      value: 0
      objectReference: {fileID: 0}
    - target: {fileID: 3081990393489515189, guid: 8c49bd69a86fa5949b26f3374e5af36d,
        type: 3}
      propertyPath: m_AnchoredPosition.y
      value: 0
      objectReference: {fileID: 0}
    - target: {fileID: 3081990393914328529, guid: 8c49bd69a86fa5949b26f3374e5af36d,
        type: 3}
      propertyPath: m_AnchorMax.y
      value: 0
      objectReference: {fileID: 0}
    - target: {fileID: 3081990393914328529, guid: 8c49bd69a86fa5949b26f3374e5af36d,
        type: 3}
      propertyPath: m_AnchorMin.y
      value: 0
      objectReference: {fileID: 0}
    - target: {fileID: 3081990393914328529, guid: 8c49bd69a86fa5949b26f3374e5af36d,
        type: 3}
      propertyPath: m_SizeDelta.x
      value: 0
      objectReference: {fileID: 0}
    - target: {fileID: 3081990393914328529, guid: 8c49bd69a86fa5949b26f3374e5af36d,
        type: 3}
      propertyPath: m_AnchoredPosition.x
      value: 0
      objectReference: {fileID: 0}
    - target: {fileID: 3081990393914328529, guid: 8c49bd69a86fa5949b26f3374e5af36d,
        type: 3}
      propertyPath: m_AnchoredPosition.y
      value: 0
      objectReference: {fileID: 0}
    - target: {fileID: 3081990394123482596, guid: 8c49bd69a86fa5949b26f3374e5af36d,
        type: 3}
      propertyPath: m_AnchorMax.y
      value: 0
      objectReference: {fileID: 0}
    - target: {fileID: 3081990394123482596, guid: 8c49bd69a86fa5949b26f3374e5af36d,
        type: 3}
      propertyPath: m_AnchorMin.y
      value: 0
      objectReference: {fileID: 0}
    - target: {fileID: 3081990394123482596, guid: 8c49bd69a86fa5949b26f3374e5af36d,
        type: 3}
      propertyPath: m_SizeDelta.x
      value: 0
      objectReference: {fileID: 0}
    - target: {fileID: 3081990394123482596, guid: 8c49bd69a86fa5949b26f3374e5af36d,
        type: 3}
      propertyPath: m_AnchoredPosition.x
      value: 0
      objectReference: {fileID: 0}
    - target: {fileID: 3081990394609287524, guid: 8c49bd69a86fa5949b26f3374e5af36d,
        type: 3}
      propertyPath: m_AnchorMax.y
      value: 0
      objectReference: {fileID: 0}
    - target: {fileID: 3081990395112566690, guid: 8c49bd69a86fa5949b26f3374e5af36d,
        type: 3}
      propertyPath: m_AnchorMax.y
      value: 0
      objectReference: {fileID: 0}
    - target: {fileID: 3081990395321119552, guid: 8c49bd69a86fa5949b26f3374e5af36d,
        type: 3}
      propertyPath: m_Name
      value: ui-options
      objectReference: {fileID: 0}
    - target: {fileID: 3081990395321119553, guid: 8c49bd69a86fa5949b26f3374e5af36d,
        type: 3}
      propertyPath: m_Pivot.x
      value: 0.5
      objectReference: {fileID: 0}
    - target: {fileID: 3081990395321119553, guid: 8c49bd69a86fa5949b26f3374e5af36d,
        type: 3}
      propertyPath: m_Pivot.y
      value: 0.5
      objectReference: {fileID: 0}
    - target: {fileID: 3081990395321119553, guid: 8c49bd69a86fa5949b26f3374e5af36d,
        type: 3}
      propertyPath: m_RootOrder
      value: 0
      objectReference: {fileID: 0}
    - target: {fileID: 3081990395321119553, guid: 8c49bd69a86fa5949b26f3374e5af36d,
        type: 3}
      propertyPath: m_AnchorMax.x
      value: 1
      objectReference: {fileID: 0}
    - target: {fileID: 3081990395321119553, guid: 8c49bd69a86fa5949b26f3374e5af36d,
        type: 3}
      propertyPath: m_AnchorMax.y
      value: 1
      objectReference: {fileID: 0}
    - target: {fileID: 3081990395321119553, guid: 8c49bd69a86fa5949b26f3374e5af36d,
        type: 3}
      propertyPath: m_AnchorMin.x
      value: 0
      objectReference: {fileID: 0}
    - target: {fileID: 3081990395321119553, guid: 8c49bd69a86fa5949b26f3374e5af36d,
        type: 3}
      propertyPath: m_AnchorMin.y
      value: 0
      objectReference: {fileID: 0}
    - target: {fileID: 3081990395321119553, guid: 8c49bd69a86fa5949b26f3374e5af36d,
        type: 3}
      propertyPath: m_SizeDelta.x
      value: -1280
      objectReference: {fileID: 0}
    - target: {fileID: 3081990395321119553, guid: 8c49bd69a86fa5949b26f3374e5af36d,
        type: 3}
      propertyPath: m_SizeDelta.y
      value: -256
      objectReference: {fileID: 0}
    - target: {fileID: 3081990395321119553, guid: 8c49bd69a86fa5949b26f3374e5af36d,
        type: 3}
      propertyPath: m_LocalPosition.x
      value: 0
      objectReference: {fileID: 0}
    - target: {fileID: 3081990395321119553, guid: 8c49bd69a86fa5949b26f3374e5af36d,
        type: 3}
      propertyPath: m_LocalPosition.y
      value: 0
      objectReference: {fileID: 0}
    - target: {fileID: 3081990395321119553, guid: 8c49bd69a86fa5949b26f3374e5af36d,
        type: 3}
      propertyPath: m_LocalPosition.z
      value: 0
      objectReference: {fileID: 0}
    - target: {fileID: 3081990395321119553, guid: 8c49bd69a86fa5949b26f3374e5af36d,
        type: 3}
      propertyPath: m_LocalRotation.w
      value: 1
      objectReference: {fileID: 0}
    - target: {fileID: 3081990395321119553, guid: 8c49bd69a86fa5949b26f3374e5af36d,
        type: 3}
      propertyPath: m_LocalRotation.x
      value: 0
      objectReference: {fileID: 0}
    - target: {fileID: 3081990395321119553, guid: 8c49bd69a86fa5949b26f3374e5af36d,
        type: 3}
      propertyPath: m_LocalRotation.y
      value: 0
      objectReference: {fileID: 0}
    - target: {fileID: 3081990395321119553, guid: 8c49bd69a86fa5949b26f3374e5af36d,
        type: 3}
      propertyPath: m_LocalRotation.z
      value: 0
      objectReference: {fileID: 0}
    - target: {fileID: 3081990395321119553, guid: 8c49bd69a86fa5949b26f3374e5af36d,
        type: 3}
      propertyPath: m_AnchoredPosition.x
      value: 0
      objectReference: {fileID: 0}
    - target: {fileID: 3081990395321119553, guid: 8c49bd69a86fa5949b26f3374e5af36d,
        type: 3}
      propertyPath: m_AnchoredPosition.y
      value: 0
      objectReference: {fileID: 0}
    - target: {fileID: 3081990395321119553, guid: 8c49bd69a86fa5949b26f3374e5af36d,
        type: 3}
      propertyPath: m_LocalEulerAnglesHint.x
      value: 0
      objectReference: {fileID: 0}
    - target: {fileID: 3081990395321119553, guid: 8c49bd69a86fa5949b26f3374e5af36d,
        type: 3}
      propertyPath: m_LocalEulerAnglesHint.y
      value: 0
      objectReference: {fileID: 0}
    - target: {fileID: 3081990395321119553, guid: 8c49bd69a86fa5949b26f3374e5af36d,
        type: 3}
      propertyPath: m_LocalEulerAnglesHint.z
      value: 0
      objectReference: {fileID: 0}
    - target: {fileID: 3081990395321119554, guid: 8c49bd69a86fa5949b26f3374e5af36d,
        type: 3}
      propertyPath: m_Alpha
      value: 0
      objectReference: {fileID: 0}
    - target: {fileID: 3081990395321119554, guid: 8c49bd69a86fa5949b26f3374e5af36d,
        type: 3}
      propertyPath: m_Interactable
      value: 0
      objectReference: {fileID: 0}
    - target: {fileID: 3081990395321119554, guid: 8c49bd69a86fa5949b26f3374e5af36d,
        type: 3}
      propertyPath: m_BlocksRaycasts
      value: 0
      objectReference: {fileID: 0}
    - target: {fileID: 5357328722328258344, guid: 8c49bd69a86fa5949b26f3374e5af36d,
        type: 3}
      propertyPath: m_AnchorMax.y
      value: 0
      objectReference: {fileID: 0}
    - target: {fileID: 5357328722328258344, guid: 8c49bd69a86fa5949b26f3374e5af36d,
        type: 3}
      propertyPath: m_AnchorMin.y
      value: 0
      objectReference: {fileID: 0}
    - target: {fileID: 5357328722328258344, guid: 8c49bd69a86fa5949b26f3374e5af36d,
        type: 3}
      propertyPath: m_SizeDelta.x
      value: 0
      objectReference: {fileID: 0}
    - target: {fileID: 5357328722328258344, guid: 8c49bd69a86fa5949b26f3374e5af36d,
        type: 3}
      propertyPath: m_SizeDelta.y
      value: 0
      objectReference: {fileID: 0}
    - target: {fileID: 5357328722328258344, guid: 8c49bd69a86fa5949b26f3374e5af36d,
        type: 3}
      propertyPath: m_AnchoredPosition.x
      value: 0
      objectReference: {fileID: 0}
    - target: {fileID: 5357328722328258344, guid: 8c49bd69a86fa5949b26f3374e5af36d,
        type: 3}
      propertyPath: m_AnchoredPosition.y
      value: 0
      objectReference: {fileID: 0}
    - target: {fileID: 5357328722451196047, guid: 8c49bd69a86fa5949b26f3374e5af36d,
        type: 3}
      propertyPath: m_AnchorMax.y
      value: 0
      objectReference: {fileID: 0}
    - target: {fileID: 5357328722451196047, guid: 8c49bd69a86fa5949b26f3374e5af36d,
        type: 3}
      propertyPath: m_AnchorMin.y
      value: 0
      objectReference: {fileID: 0}
    - target: {fileID: 5357328722451196047, guid: 8c49bd69a86fa5949b26f3374e5af36d,
        type: 3}
      propertyPath: m_SizeDelta.x
      value: 0
      objectReference: {fileID: 0}
    - target: {fileID: 5357328722451196047, guid: 8c49bd69a86fa5949b26f3374e5af36d,
        type: 3}
      propertyPath: m_SizeDelta.y
      value: 0
      objectReference: {fileID: 0}
    - target: {fileID: 5357328722451196047, guid: 8c49bd69a86fa5949b26f3374e5af36d,
        type: 3}
      propertyPath: m_AnchoredPosition.x
      value: 0
      objectReference: {fileID: 0}
    - target: {fileID: 5357328722451196047, guid: 8c49bd69a86fa5949b26f3374e5af36d,
        type: 3}
      propertyPath: m_AnchoredPosition.y
      value: 0
      objectReference: {fileID: 0}
    m_RemovedComponents: []
  m_SourcePrefab: {fileID: 100100000, guid: 8c49bd69a86fa5949b26f3374e5af36d, type: 3}
--- !u!114 &3081990394356199401 stripped
MonoBehaviour:
  m_CorrespondingSourceObject: {fileID: 3081990395321119555, guid: 8c49bd69a86fa5949b26f3374e5af36d,
    type: 3}
  m_PrefabInstance: {fileID: 3081990394356199400}
  m_PrefabAsset: {fileID: 0}
  m_GameObject: {fileID: 0}
  m_Enabled: 1
  m_EditorHideFlags: 0
  m_Script: {fileID: 11500000, guid: 9c59a4e2d14dca947a94e60c53c18018, type: 3}
  m_Name: 
  m_EditorClassIdentifier: 
--- !u!114 &4933134037572720520
MonoBehaviour:
  m_ObjectHideFlags: 0
  m_CorrespondingSourceObject: {fileID: 0}
  m_PrefabInstance: {fileID: 0}
  m_PrefabAsset: {fileID: 0}
  m_GameObject: {fileID: 1372206147685311332}
  m_Enabled: 1
  m_EditorHideFlags: 0
  m_Script: {fileID: 11500000, guid: 95733bfcf8c96304eb349afcd408bc6b, type: 3}
  m_Name: 
  m_EditorClassIdentifier: 
  eventToListen: {fileID: 11400000, guid: 703a9adc54a786c49be171f338f8b5b1, type: 2}
  onEvent:
    m_PersistentCalls:
      m_Calls:
      - m_Target: {fileID: 1372206148065985450}
        m_TargetAssemblyTypeName: UIPanel, Assembly-CSharp
        m_MethodName: ShowPanel
        m_Mode: 6
        m_Arguments:
          m_ObjectArgument: {fileID: 0}
          m_ObjectArgumentAssemblyTypeName: UnityEngine.Object, UnityEngine
          m_IntArgument: 0
          m_FloatArgument: 0
          m_StringArgument: 
          m_BoolArgument: 0
        m_CallState: 2
  notes: Hide Focus
  debugEvent: 0
--- !u!1001 &6680351502269581959
PrefabInstance:
  m_ObjectHideFlags: 0
  serializedVersion: 2
  m_Modification:
    m_TransformParent: {fileID: 59433519}
    m_Modifications:
    - target: {fileID: 6680351503908321908, guid: 3c745695eda110b459b4c011cf4bf948,
        type: 3}
      propertyPath: m_Pivot.x
      value: 0.5
      objectReference: {fileID: 0}
    - target: {fileID: 6680351503908321908, guid: 3c745695eda110b459b4c011cf4bf948,
        type: 3}
      propertyPath: m_Pivot.y
      value: 0.5
      objectReference: {fileID: 0}
    - target: {fileID: 6680351503908321908, guid: 3c745695eda110b459b4c011cf4bf948,
        type: 3}
      propertyPath: m_RootOrder
      value: 3
      objectReference: {fileID: 0}
    - target: {fileID: 6680351503908321908, guid: 3c745695eda110b459b4c011cf4bf948,
        type: 3}
      propertyPath: m_AnchorMax.x
      value: 1
      objectReference: {fileID: 0}
    - target: {fileID: 6680351503908321908, guid: 3c745695eda110b459b4c011cf4bf948,
        type: 3}
      propertyPath: m_AnchorMax.y
      value: 1
      objectReference: {fileID: 0}
    - target: {fileID: 6680351503908321908, guid: 3c745695eda110b459b4c011cf4bf948,
        type: 3}
      propertyPath: m_AnchorMin.x
      value: 0
      objectReference: {fileID: 0}
    - target: {fileID: 6680351503908321908, guid: 3c745695eda110b459b4c011cf4bf948,
        type: 3}
      propertyPath: m_AnchorMin.y
      value: 0
      objectReference: {fileID: 0}
    - target: {fileID: 6680351503908321908, guid: 3c745695eda110b459b4c011cf4bf948,
        type: 3}
      propertyPath: m_SizeDelta.x
      value: 0
      objectReference: {fileID: 0}
    - target: {fileID: 6680351503908321908, guid: 3c745695eda110b459b4c011cf4bf948,
        type: 3}
      propertyPath: m_SizeDelta.y
      value: 0
      objectReference: {fileID: 0}
    - target: {fileID: 6680351503908321908, guid: 3c745695eda110b459b4c011cf4bf948,
        type: 3}
      propertyPath: m_LocalPosition.x
      value: 0
      objectReference: {fileID: 0}
    - target: {fileID: 6680351503908321908, guid: 3c745695eda110b459b4c011cf4bf948,
        type: 3}
      propertyPath: m_LocalPosition.y
      value: 0
      objectReference: {fileID: 0}
    - target: {fileID: 6680351503908321908, guid: 3c745695eda110b459b4c011cf4bf948,
        type: 3}
      propertyPath: m_LocalPosition.z
      value: 0
      objectReference: {fileID: 0}
    - target: {fileID: 6680351503908321908, guid: 3c745695eda110b459b4c011cf4bf948,
        type: 3}
      propertyPath: m_LocalRotation.w
      value: 1
      objectReference: {fileID: 0}
    - target: {fileID: 6680351503908321908, guid: 3c745695eda110b459b4c011cf4bf948,
        type: 3}
      propertyPath: m_LocalRotation.x
      value: 0
      objectReference: {fileID: 0}
    - target: {fileID: 6680351503908321908, guid: 3c745695eda110b459b4c011cf4bf948,
        type: 3}
      propertyPath: m_LocalRotation.y
      value: 0
      objectReference: {fileID: 0}
    - target: {fileID: 6680351503908321908, guid: 3c745695eda110b459b4c011cf4bf948,
        type: 3}
      propertyPath: m_LocalRotation.z
      value: 0
      objectReference: {fileID: 0}
    - target: {fileID: 6680351503908321908, guid: 3c745695eda110b459b4c011cf4bf948,
        type: 3}
      propertyPath: m_AnchoredPosition.x
      value: 0
      objectReference: {fileID: 0}
    - target: {fileID: 6680351503908321908, guid: 3c745695eda110b459b4c011cf4bf948,
        type: 3}
      propertyPath: m_AnchoredPosition.y
      value: 0
      objectReference: {fileID: 0}
    - target: {fileID: 6680351503908321908, guid: 3c745695eda110b459b4c011cf4bf948,
        type: 3}
      propertyPath: m_LocalEulerAnglesHint.x
      value: 0
      objectReference: {fileID: 0}
    - target: {fileID: 6680351503908321908, guid: 3c745695eda110b459b4c011cf4bf948,
        type: 3}
      propertyPath: m_LocalEulerAnglesHint.y
      value: 0
      objectReference: {fileID: 0}
    - target: {fileID: 6680351503908321908, guid: 3c745695eda110b459b4c011cf4bf948,
        type: 3}
      propertyPath: m_LocalEulerAnglesHint.z
      value: 0
      objectReference: {fileID: 0}
    - target: {fileID: 6680351503908321909, guid: 3c745695eda110b459b4c011cf4bf948,
        type: 3}
      propertyPath: m_Name
      value: Fade-Main
      objectReference: {fileID: 0}
    - target: {fileID: 6680351503908321909, guid: 3c745695eda110b459b4c011cf4bf948,
        type: 3}
      propertyPath: m_IsActive
      value: 1
      objectReference: {fileID: 0}
    m_RemovedComponents: []
  m_SourcePrefab: {fileID: 100100000, guid: 3c745695eda110b459b4c011cf4bf948, type: 3}
